@article{ohman_computational_2013,
  author = {Öhman, Mikael and Larsson, Fredrik and Runesson, Kenneth},
  title = {Computational homogenization of liquid-phase sintering with seamless transition from macroscopic compressibility to incompressibility},
  journaltitle = {Computer Methods in Applied Mechanics and Engineering},
  volume = {266},
  pages = {219--228},
  year = {2013},
}

@inproceedings{ohman_formulation_2013,
  author = {Öhman, Mikael and Larsson, Fredrik and Runesson, Kenneth},
  title = {On the formulation of a computational homogenization scheme with seamless transition from compressible to incompressible microstructures},
  organization = {{CMM} 2013, 20th International Conference on Computer Methods in Mechanics},
  year = {2013},
}

@article{ohman_computational_2012,
  author = {Öhman, Mikael and Larsson, Fredrik and Runesson, Kenneth},
  title = {Computational mesoscale modeling and homogenization of liquid-phase sintering of particle agglomerates},
  journaltitle = {Technische Mechanik},
  volume = {32},
  pages = {463--483},
  year = 2012,
}

@inproceedings{ohman_fe2_2012,
  author = {Öhman, Mikael and Runesson, Kenneth and Larsson, Fredrik},
  title = {{FE2} for liquid-phase sintering with seamless transition from macroscopic compressibility to incompressibility},
  organization = {{ECCOMAS} 2012, European Congress on Computational Methods in Science and Engineering},
  year = {2012},
}

@thesis{ohman_computational_2011,
  author = {Öhman, Mikael},
  title = {Computational Modeling of Liquid-Phase based on Homogenization},
  institution = {Chalmers University of Technology},
  location = {Göteborg},
  type = {Licentiate},
}

@inproceedings{ohman_multiscale_2010,
  author = {Öhman, Mikael and Runesson, Kenneth and Larsson, Fredrik},
  title = {Multiscale Modeling of Sintering of Hard Metal},
  organization = {23rd Nordic Seminar on Computational Mechanics},
  year = {2010},
  pages = {334--336},
  editor = {A. Eriksson and G. Tibert}
}

@thesis{ohman_stability_2009,
  author = {Bjerklund, Erik and Öhman, Mikael},
  title = {Stability of High Speed Train under Aerodynamic Excitations},
  institution = {Chalmers University of Technology},
  year = {2009},
  type = {MSc},
},
