Automatically generated by Mendeley 1.6
Any changes to this file will be lost if it is regenerated by Mendeley.

@article{Patzak_Bittnar:2001,
author = {Patz\'{a}k, Borek and Bittnar, Zden\v{e}k},
issn = {09659978},
journal = {Advances in Engineering Software},
month = oct,
number = {10-11},
pages = {759--767},
title = {{Design of object oriented finite element code}},
volume = {32},
year = {2001}
}
@article{Patzak_Rypl_Bittnar:2001,
author = {Patz\'{a}k, Borek and Rypl, David and Bittnar, Zden\v{e}k},
issn = {00457949},
journal = {Computers \& Structures},
month = nov,
number = {26-28},
pages = {2287--2297},
title = {{Parallel explicit finite element dynamics with nonlocal constitutive models}},
volume = {79},
year = {2001}
}
@misc{Patzak2000:OOFEM,
author = {Patz\'{a}k, Borek},
keywords = {finite element,open source},
title = {{OOFEM project home page}},
year = {2000}
}
