Automatically generated by Mendeley 1.6
Any changes to this file will be lost if it is regenerated by Mendeley.

@article{Hughes2005,
author = {Hughes, Thomas J. R. and Cottrell, John Austin and Bazilevs, Yuri},
issn = {00457825},
journal = {Computer Methods in Applied Mechanics and Engineering},
keywords = {boundary,cad,convergence,finite element analysis,fluid dynamics,geometry,h-refinement,internal layers,k-refinement,layers,mesh refinement,nurbs,p-refinement,shells,structural analysis},
month = oct,
number = {39-41},
pages = {4135--4195},
publisher = {Elsevier B.V.},
title = {{Isogeometric analysis: CAD, finite elements, NURBS, exact geometry and mesh refinement}},
volume = {194},
year = {2005}
}
@phdthesis{Distmesh,
author = {Persson, Per-Olof},
school = {Massachusetts Institute of Technology},
title = {{Mesh generation for implicit geometries}},
type = {Ph.D. dissertation},
year = {2004}
}
@inproceedings{Cheng2004,
author = {Cheng, Siu-Wing and Dey, Tamal K. and Ramos, Edgar. A. and Ray, Tathagata},
booktitle = {Proceedings of the twentieth annual symposium on Computational geometry},
pages = {290--299},
publisher = {ACM},
title = {{Quality meshing for polyhedra with small angles}},
year = {2004}
}
@incollection{Shewchuk1996:triangle,
annote = {From the First ACM Workshop on Applied Computational Geometry},
author = {Shewchuk, Jonathan Richard},
booktitle = {Applied Computational Geometry: Towards Geometric Engineering},
editor = {Lin, Ming C and Manocha, Dinesh},
month = may,
pages = {203--222},
publisher = {Springer Berlin / Heidelberg},
series = {Lecture Notes in Computer Science},
title = {{Triangle: Engineering a 2D Quality Mesh Generator and Delaunay Triangulator}},
volume = {1148},
year = {1996}
}
