Automatically generated by Mendeley 1.6
Any changes to this file will be lost if it is regenerated by Mendeley.

@inproceedings{ProcKRetal2000,
author = {Runesson, Kenneth and Larsson, Fredrik and Hansbo, Peter},
booktitle = {Developments in Theoretical Geomechanics},
editor = {Smith and Carter},
isbn = {0792367669},
keywords = {Adaptivity,FEM,a priori error estimate,poroelasticity},
pages = {193----213},
title = {{Space-time finite elements and adaptive strategy for the coupled poroelasticity problem}},
year = {2000}
}
@article{Nagaietal2004,
author = {Nagai, Gakuji and Fish, Jacob and Watanabe, K.},
issn = {0178-7675},
journal = {Computational Mechanics},
keywords = {Dispersive wave,Heterogeneous media,Higher-order homogenization,Nonlocal theory,Stabilization},
month = jan,
number = {2},
pages = {144--153},
publisher = {Springer},
title = {{Stabilized nonlocal model for dispersive wave propagation in heterogeneous media}},
volume = {33},
year = {2004}
}
@article{HundRamm2007,
author = {Hund, Andrea and Ramm, Ekkehard},
issn = {00295981},
journal = {International Journal for Numerical Methods in Engineering},
month = jun,
number = {13},
pages = {1613--1632},
publisher = {John Wiley \& Sons},
title = {{Locality constraints within multiscale model for non-linear material behaviour}},
volume = {70},
year = {2007}
}
@article{SteinOhnimus1999,
author = {Stein, Erwin and Ohnimus, Stephan},
issn = {00457825},
journal = {Computer Methods in Applied Mechanics and Engineering},
month = jul,
number = {1-4},
pages = {363--385},
publisher = {Elsevier},
title = {{Anisotropic discretization- and model-error estimation in solid mechanics by local Neumann problems}},
volume = {176},
year = {1999}
}
@unpublished{configurational,
annote = {Submitted for publication in \{$\backslash$it International Journal of Solids and Structures\}},
author = {Runesson, Kenneth and Larsson, Fredrik and Steinmann, Paul},
booktitle = {International Journal of Solids and Structures},
issn = {00207683},
keywords = {Configurational motion,Dissipation,Energetic change},
month = mar,
number = {6},
pages = {1464--1475},
publisher = {Elsevier},
title = {{On energetic changes due to configurational motion of standard continua}},
volume = {46},
year = {2009}
}
@book{Mosler2007,
author = {Mosler, J\"{o}rn},
isbn = {978-935892-15-5},
publisher = {Inst. f\"{u}r Mechanik},
title = {{On the numerical modeling of localized material failure at finite strains by means of variational mesh adaption and cohesive elements}},
year = {2007}
}
@article{Mieheetal1999,
author = {Miehe, Christian and Schr\"{o}der, J\"{o}rg and Schotte, Jan},
issn = {00457825},
journal = {Computer Methods in Applied Mechanics and Engineering},
month = apr,
number = {3-4},
pages = {387--418},
publisher = {Elsevier},
title = {{Computational homogenization analysis in finite plasticity Simulation of texture development in polycrystalline materials}},
volume = {171},
year = {1999}
}
@article{Hettigetal2007,
author = {Hettich, Thomas and Hund, Andrea and Ramm, Ekkehard},
issn = {00457825},
journal = {Computer Methods in Applied Mechanics and Engineering},
keywords = {Cohesive crack,Extended finite-element method,Level set method,Variational multiscale method},
month = jan,
number = {5},
pages = {414--424},
title = {{Modeling of failure in composites by X-FEM and level sets within a multiscale framework}},
volume = {197},
year = {2008}
}
@article{Larsson_etal2011,
author = {Larsson, Fredrik and Runesson, Kenneth and Saroukhani, Sepehr and Vafadari, Reza},
issn = {00457825},
journal = {Computer Methods in Applied Mechanics and Engineering},
month = jan,
number = {1-4},
pages = {11--26},
publisher = {Elsevier B.V.},
title = {{Computational homogenization based on a weak format of micro-periodicity for RVE-problems}},
volume = {200},
year = {2011}
}
@inproceedings{Schmauderetal1996,
author = {Schmauder, S. and Wulf, J. and Steinkopff, T. and Fischmeister, H.},
booktitle = {Micromechanics of Elasticity and Damage of Multiphase Materials},
editor = {Pineau, A and Zaoui, A},
publisher = {Kluwer Academic Publishers},
title = {{Micromechanics of plasticity and damage in an Al/SiC metal matrix composite}},
year = {1996}
}
@article{Ladeveze2001,
author = {Ladev\`{e}ze, Pierre},
issn = {00295981},
journal = {International Journal for Numerical Methods in Engineering},
keywords = {adaptivity,damage,error estimation,finite element,plasticity},
month = oct,
number = {56},
pages = {527--542},
publisher = {John Wiley \& Sons},
title = {{Constitutive relation errors for F.E. analysis considering (visco‐) plasticity and damage}},
volume = {52},
year = {2001}
}
@inproceedings{ProcFLetal2001,
author = {Larsson, Fredrik and Runesson, Kenneth and Hansbo, Peter},
booktitle = {Trends in Computational Structural Mechanics},
editor = {Wall, Bletzinger and Schweizerhof},
pages = {499--510},
publisher = {CIMNE},
title = {{Computation of goal-oriented error measures in space-time finite elements for viscoplasticity}},
year = {2001}
}
@article{Fishetalmd2002,
author = {Fish, Jacob and Chen, Wen and Nagai, Gakuji},
issn = {0029-5981},
journal = {International Journal for Numerical Methods in Engineering},
keywords = {dispersive,gradient,homogenization,multiple scales,non-local,wave propagation},
month = may,
number = {3},
pages = {347--363},
publisher = {John Wiley \& Sons},
title = {{Non-local dispersive model for wave propagation in heterogeneous media: multi-dimensional case}},
volume = {54},
year = {2002}
}
@inproceedings{LillbackaEkh2005,
address = {Barcelona},
author = {Lillbacka, Robert and Ekh, Magnus},
booktitle = {Computational Plasticity VIII, Fundamentals and Applications},
editor = {O\~{n}ate, E and Su\'{a}rez, B},
pages = {1174--1176},
publisher = {Artes Gr\'{a}ficas Torres S.A.},
title = {{Calibration of a multiscale material model based on macroscale test data}},
year = {2005}
}
@article{Hazanovetal1994,
author = {Hazanov, S. and Huet, C.},
issn = {00225096},
journal = {Journal of the Mechanics and Physics of Solids},
month = dec,
number = {12},
pages = {1995--2011},
publisher = {Elsevier},
title = {{Order relationships for boundary conditions effect in heterogeneous bodies smaller than the representative volume}},
volume = {42},
year = {1994}
}
@article{LNetal2007,
author = {Nordstr\"{o}m, Lars J. L. and Johansson, H\aa kan and Larsson, Fredrik},
issn = {00295981},
journal = {International Journal for Numerical Methods in Engineering},
keywords = {inverse problems,load identification,regularization,sensitivity},
month = mar,
number = {11},
pages = {2219--2246},
publisher = {John Wiley \& Sons},
title = {{A strategy for input estimation with sensitivity analysis}},
volume = {69},
year = {2007}
}
@article{ProcFLKR2007,
author = {Larsson, Fredrik and Runesson, Kenneth},
editor = {O\~{n}ate, E. and Owen, D. R. J. and Su\'{a}rez, B.},
journal = {Computational Plasticity IX, fundamentals and Applications, Part 2},
pages = {927--930},
title = {{Error control and time-sequential adaptive technique for the visco-plasticity problem}},
year = {2007}
}
@article{Odenetal2001,
author = {{Tinsley Oden}, John and Prudhomme, Serge and Hammerand, Daniel C. and Kuczma, Miecyslaw S.},
issn = {00457825},
journal = {Computer Methods in Applied Mechanics and Engineering},
month = oct,
number = {49-50},
pages = {6663--6684},
publisher = {Elsevier B.V.},
title = {{Modeling error and adaptivity in nonlinear continuum mechanics}},
volume = {190},
year = {2001}
}
@inproceedings{Carstensenetal2002,
author = {Carstensen, Carsten and Hackl, Klaus and Mielke, Alexander},
booktitle = {Proceedings of the Royal Society A: Mathematical, Physical and Engineering Sciences},
issn = {1364-5021},
keywords = {continuum mechanics,finite elastoplasticity,incremental formulation,quasi-convexity,relaxation,variational problems},
month = feb,
number = {2018},
pages = {299--317},
publisher = {The Royal Society},
title = {{Non-convex potentials and microstructures in finite-strain plasticity}},
volume = {458},
year = {2002}
}
@article{Ozdemiretal2008,
author = {\"{O}zdemir, I. and Brekelmans, W. A. Marcel and Geers, Marc G. D.},
issn = {00295981},
journal = {International Journal for Numerical Methods in Engineering},
keywords = {FE²,coarse graining,computational homogenization,heat conduction,multi-scale,thermomechanics},
month = jan,
number = {2},
pages = {185--204},
publisher = {John Wiley \& Sons},
title = {{Computational homogenization for heat conduction in heterogeneous solids}},
volume = {73},
year = {2008}
}
@article{Miehe2002,
author = {Miehe, Christian},
issn = {0029-5981},
journal = {International Journal for Numerical Methods in Engineering},
keywords = {elastic–plastic composites,micro-structures,two-scale homogenization analysis,variational formulation of homogenization,variational formulation of inelasticity},
month = dec,
number = {11},
pages = {1285--1322},
publisher = {John Wiley \& Sons},
title = {{Strain-driven homogenization of inelastic microstructures and composites based on an incremental variational formulation}},
volume = {55},
year = {2002}
}
@book{Ostoja2007,
author = {Ostoja-Starzewski, Martin},
isbn = {1584884177},
month = sep,
publisher = {CRC Press},
title = {{Microstructural Randomness and Scaling in Mechanics of Materials}},
year = {2008}
}
@article{PHeetal2004,
author = {Heintz, Per and Larsson, Fredrik and Hansbo, Peter and Runesson, Kenneth},
issn = {0029-5981},
journal = {International Journal for Numerical Methods in Engineering},
keywords = {adaptivity,error control,fracture mechanics,material forces},
month = jun,
number = {7},
pages = {1287--1299},
publisher = {John Wiley \& Sons},
title = {{Adaptive strategies and error control for computing material forces in fracture mechanics}},
volume = {60},
year = {2004}
}
@article{Geersetal2009,
address = {Amsterdam, The Netherlands, The Netherlands},
author = {Geers, Marc G. D. and Kouznetsova, Varvara G. and Brekelmans, W. A. Marcel},
issn = {03770427},
journal = {Journal of Computational and Applied Mathematics},
keywords = {Coarse graining,Homogenization,Multi-scale},
month = aug,
number = {7},
pages = {2175--2182},
publisher = {Elsevier},
title = {{Multi-scale computational homogenization: Trends and challenges}},
volume = {234},
year = {2010}
}
@article{OskayFish2007,
author = {Oskay, Caglar and Fish, Jacob},
issn = {00457825},
journal = {Computer Methods in Applied Mechanics and Engineering},
keywords = {Composite failure,Homogenization,Multiscale method,Transformation field analysis},
mendeley-tags = {Composite failure,Homogenization,Multiscale method,Transformation field analysis},
month = jan,
number = {7},
pages = {1216--1243},
publisher = {Elsevier},
title = {{Eigendeformation-based reduced order homogenization for failure analysis of heterogeneous materials}},
volume = {196},
year = {2007}
}
@article{Kouznetsovaetal2002,
author = {Kouznetsova, Varvara G. and Geers, Marc G. D. and Brekelmans, W. A. Marcel},
issn = {0029-5981},
journal = {International Journal for Numerical Methods in Engineering},
keywords = {computational homogenization,heterogeneous material,higher-order constitutive behaviour,multi-scale methods,size effects},
month = jul,
number = {8},
pages = {1235--1260},
publisher = {John Wiley \& Sons},
title = {{Multi-scale constitutive modelling of heterogeneous materials with a gradient-enhanced computational homogenization scheme}},
volume = {54},
year = {2002}
}
@article{Aubryetal2003,
author = {Aubry, Sylvie and Fago, Matt and Ortiz, Michael},
issn = {00457825},
journal = {Computer Methods in Applied Mechanics and Engineering},
keywords = {Indentation,Martensitic phase transitions,Microstructure,Rank-one convexity,Relaxation,Sequential lamination,Shape-memory alloys},
month = jul,
number = {26-27},
pages = {2823--2843},
publisher = {Elsevier B.V.},
title = {{A constrained sequential-lamination algorithm for the simulation of sub-grid microstructure in martensitic materials}},
volume = {192},
year = {2003}
}
@article{Paresetal2006,
author = {Par\'{e}s, N\'{u}ria and D\'{\i}ez, Pedro and Huerta, Antonio},
issn = {00457825},
journal = {Computer Methods in Applied Mechanics and Engineering},
keywords = {Engineering outputs,Error bounds,Error estimation,Functional outputs,Goal-oriented error estimation,Residual-based estimators},
month = jan,
number = {4-6},
pages = {297--323},
publisher = {Elsevier B.V.},
title = {{Subdomain-based flux-free a posteriori error estimators}},
volume = {195},
year = {2006}
}
@inproceedings{ProcMRetal2002,
author = {R\"{u}ter, Marcus and Stein, Erwin and Heintz, Per and Larsson, Fredrik and Hansbo, Peter and Runesson, Kenneth},
booktitle = {Proceedings of the 15th Nordic Seminar on Computational Mechanics},
editor = {Olhoff and Stegmann},
pages = {43--46},
publisher = {Lund},
title = {{Strategies for goal-oriented a posteriori error estimation in elastic fracture mechanics}},
year = {2002}
}
@inproceedings{ProcFLKR2004a,
author = {Larsson, Fredrik and Runesson, Kenneth},
booktitle = {Proceedings of the 4th European Congress on Computational Methods in Applied Sciences and Engineering},
title = {{Error controlled meso-macro-scale material modeling and computation}},
year = {2004}
}
@article{PrudhommeOden1999,
author = {Prudhomme, Serge and {Tinsley Oden}, John},
issn = {00457825},
journal = {Computer Methods in Applied Mechanics and Engineering},
month = jul,
number = {1-4},
pages = {313--331},
publisher = {Elsevier B.V.},
title = {{On goal-oriented error estimation for elliptic problems: application to the control of pointwise errors}},
volume = {176},
year = {1999}
}
@article{Fishetal1997,
author = {Fish, Jacob and Shek, Kamlum and Pandheeradi, Muralidharan and Shephard, Mark S.},
issn = {00457825},
journal = {Computer Methods in Applied Mechanics and Engineering},
month = aug,
number = {1-2},
pages = {53--73},
publisher = {Elsevier B.V.},
title = {{Computational plasticity for composite structures based on mathematical homogenization: Theory and practice}},
volume = {148},
year = {1997}
}
@article{YuanFish2008,
author = {Yuan, Zheng and Fish, Jacob},
issn = {00295981},
journal = {International Journal for Numerical Methods in Engineering},
keywords = {computational,homogenization,multiscale},
month = jan,
number = {3},
pages = {361--380},
publisher = {John Wiley \& Sons},
title = {{Toward realization of computational homogenization in practice}},
volume = {73},
year = {2008}
}
@article{Prudhommeetal2006,
author = {Prudhomme, Serge and Bauman, Paul T. and {Tinsley Oden}, John},
issn = {1543-1649},
journal = {International Journal for Multiscale Computational Engineering},
number = {5-6},
pages = {647--662},
publisher = {Begell House},
title = {{Error control for molecular statics problems}},
volume = {4},
year = {2006}
}
@article{MieheBayreuther2007,
author = {Miehe, Christian and Bayreuther, C. G.},
issn = {00295981},
journal = {International Journal for Numerical Methods in Engineering},
keywords = {energy minimization,heterogeneous materials,homogenization,micro-structures,multigrid methods},
month = sep,
number = {10},
pages = {1135--1180},
publisher = {John Wiley \& Sons},
title = {{On multiscale FE analyses of heterogeneous structures: from homogenization to multigrid solvers}},
volume = {71},
year = {2007}
}
@inproceedings{ProcKRetal2001,
author = {Runesson, Kenneth and Larsson, Fredrik and Hansbo, Peter},
booktitle = {IUTAM Symposium on Theoretical and Numerical Methods in Continuum Mechanics of Porous Materials},
editor = {Ehlers},
pages = {67--72},
publisher = {Kluwer Academic Publishers},
title = {{Space-time finite elements and adaptive strategy for the coupled poroelasticity problem}},
year = {2001}
}
@article{Zhangetal2007,
author = {Zhang, H. W. and Zhang, S. and Bi, J. Y. and Schrefler, Bernhard A.},
issn = {00295981},
journal = {International Journal for Numerical Methods in Engineering},
keywords = {homogenization,multiple scale method,non-Fourier heat conduction,non-local model,structural dynamics},
month = jan,
number = {1},
pages = {87--113},
publisher = {John Wiley \& Sons},
title = {{Thermo-mechanical analysis of periodic multiphase materials by a multiscale asymptotic homogenization approach}},
volume = {69},
year = {2007}
}
@article{Fish2006,
author = {Fish, Jacob},
issn = {1388-0764},
journal = {Journal of Nanoparticle Research},
keywords = {atomistic,concurrent,enrichment,homogenization,information-passing,multigrid,multiscale,nanoscale science and engineering,scale bridging},
month = sep,
number = {5},
pages = {577--594},
publisher = {Springer},
title = {{Bridging the scales in nano engineering and science}},
volume = {8},
year = {2006}
}
@article{AHetal2007,
author = {Holmstr\"{o}m, Andreas and Larsson, Fredrik and Runesson, Kenneth},
issn = {0178-7675},
journal = {Computational Mechanics},
keywords = {Thermo-metallurgical simulation,Time discretization},
month = sep,
number = {2},
pages = {341--353},
publisher = {Springer},
title = {{Space-time finite elements for a simplified thermo-metallurgical problem relevant to casting}},
volume = {40},
year = {2006}
}
@article{FLetal2003a,
author = {Larsson, Fredrik and Hansbo, Peter and Runesson, Kenneth},
issn = {0029-5981},
journal = {21},
keywords = {adaptivity,error estimation,thermo-elasticity},
month = jan,
number = {2},
pages = {261--293},
publisher = {John Wiley \& Sons},
title = {{Space-time finite elements and an adaptive strategy for the coupled thermoelasticity problem}},
volume = {56},
year = {2003}
}
@article{ZohdiWriggers2001,
author = {Zohdi, Tarek I. and Wriggers, Peter},
issn = {00457825},
journal = {Computer Methods in Applied Mechanics and Engineering},
keywords = {Heterogeneous materials,Microstructural deterioration},
month = feb,
number = {22-23},
pages = {2803--2823},
publisher = {Elsevier B.V.},
title = {{A model for simulating the deterioration of structural-scale material responses of microheterogeneous solids}},
volume = {190},
year = {2001}
}
@article{Canmoetal1995,
author = {Canmo, Patrik and Runesson, Kenneth and Ritinmaa, Matti},
issn = {07496419},
journal = {International Journal of Plasticity},
number = {8},
pages = {949--970},
publisher = {Elsevier},
title = {{Modelling of plasticity and damage in a polycrystalline microstructure}},
volume = {11},
year = {1995}
}
@article{FLetal2003b,
author = {Larsson, Fredrik and Runesson, Kenneth and Hansbo, Peter},
issn = {0029-5981},
journal = {International Journal for Numerical Methods in Engineering},
keywords = {finite elements,hardening,softening,viscoplasticity},
month = apr,
number = {14},
pages = {2213--2232},
publisher = {John Wiley \& Sons},
title = {{Time finite elements and error computation for (visco)plasticity with hardening or softening}},
volume = {56},
year = {2003}
}
@article{Peraireetal2006,
author = {Par\'{e}s, N\'{u}ria and Bonet, Javier E. and Huerta, Antonio and Peraire, Jaime},
issn = {00457825},
journal = {Computer Methods in Applied Mechanics and Engineering},
keywords = {Linear-functional outputs,Two-dimensional elasticity equations},
month = jan,
number = {4-6},
pages = {406--429},
publisher = {Elsevier B.V.},
title = {{The computation of bounds for linear-functional outputs of weak solutions to the two-dimensional elasticity equations}},
volume = {195},
year = {2006}
}
@unpublished{aniso,
annote = {Accepted for publication in $\backslash$textit\{Comm. Numer. Meth. Engrg.\}},
author = {Larsson, Fredrik},
title = {{A simple anisotropic mesh-refinement strategy for triangular elements in 2d}}
}
@article{Aubryetal1999,
author = {Aubry, D. and Lucas, D. and Tie, B.},
issn = {00457825},
journal = {Computer Methods in Applied Mechanics and Engineering},
month = jul,
number = {1-4},
pages = {41--50},
publisher = {Elsevier B.V.},
title = {{Adaptive strategy for transient/coupled problems applications to thermoelasticity and elastodynamics}},
volume = {176},
year = {1999}
}
@article{Fishetal1996,
author = {Fish, Jacob and Belsky, V. and Pandheeradi, Muralidharan},
issn = {00457825},
journal = {Computer Methods in Applied Mechanics and Engineering},
month = sep,
number = {3-4},
pages = {307--325},
publisher = {Elsevier B.V.},
title = {{Composite grid method for hybrid systems}},
volume = {135},
year = {1996}
}
@book{ZohdiWriggers2005,
author = {Zohdi, Tarek I. and Wriggers, Peter},
isbn = {978-3-540-77482-2},
keywords = {Heterogeneous Materials,Micromechanics,Microstructures},
publisher = {Springer},
series = {Lecture Notes in Applied and Computational Mechanics},
title = {{Introduction to Computational Micromechanics}},
year = {2004}
}
@article{Larssonetal2004,
author = {Larsson, Ragnar and Wysocki, Maciej and Toll, Staffan},
issn = {09977538},
journal = {European Journal of Mechanics - A/Solids},
keywords = {Composite materials,Fiber packing,Porous media,Wetting},
month = feb,
number = {1},
pages = {15--36},
publisher = {Elsevier},
title = {{Process-modeling of composites using two-phase porous media theory}},
volume = {23},
year = {2004}
}
@article{MieheKoch2002,
author = {Miehe, Christian and Koch, A.},
issn = {09391533},
journal = {Archive of Applied Mechanics},
keywords = {Elastic–plastic composite,Micro-to-macro transition,Microstructure,Two-scale homogenization analysis},
month = jul,
number = {4-5},
pages = {300--317},
title = {{Computational micro-to-macro transitions of discretized microstructures undergoing small strains}},
volume = {72},
year = {2002}
}
@article{SteinOhnimus1997,
author = {Stein, Erwin and Ohnimus, Stephan},
issn = {00457825},
journal = {Computer Methods in Applied Mechanics and Engineering},
month = dec,
number = {1-4},
pages = {327--350},
publisher = {Elsevier B.V.},
title = {{Coupled model- and solution-adaptivity in the finite-element method}},
volume = {150},
year = {1997}
}
@article{MoslerBruhns2009,
author = {Mosler, J\"{o}rn and Bruhns, Otto Timme},
issn = {0045-7825},
journal = {Computer Methods in Applied Mechanics and Engineering},
keywords = {Energy minimization,Standard dissipative solids,Variational constitutive updates,Variational principles},
mendeley-tags = {Energy minimization,Standard dissipative solids,Variational constitutive updates,Variational principles},
number = {9-12},
pages = {417--429},
publisher = {Elsevier},
title = {{On the implementation of rate-independent standard dissipative solids at finite strain-Variational constitutive updates}},
volume = {199},
year = {2010}
}
@inproceedings{ProcFLKR2004b,
author = {Larsson, Fredrik and Runesson, Kenneth},
booktitle = {Proceedings of WCCM VI in conjunction with APCOM '04},
title = {{Meso-macro-scale constitutive modeling with error control}},
year = {2004}
}
@inproceedings{ProcHJetal2004,
author = {Johansson, H\aa kan and Larsson, Fredrik and Runesson, Kenneth},
booktitle = {Proceedings of the Second International Conference on Multiscale Materials Modeling},
title = {{Calibration of a nonlinear elastic composite with goal-oriented error control using a sub-scale modeling approach}},
year = {2004}
}
@inproceedings{ProcFLKR2005,
address = {Barcelona},
author = {Larsson, Fredrik and Runesson, Kenneth},
booktitle = {Computational Plasticity VIII, Fundamentals and Applications},
editor = {O\~{n}ate, E and Su\'{a}rez, B},
keywords = {Cyclic loading,Damage},
pages = {1103--1105},
publisher = {Artes Gr\'{a}ficas Torres S.A.},
title = {{Consistent time-cycle approximation for cyclic plasticity coupled to damage}},
year = {2005}
}
@article{FLetal2002,
author = {Larsson, Fredrik and Hansbo, Peter and Runesson, Kenneth},
issn = {0029-5981},
journal = {International Journal for Numerical Methods in Engineering},
keywords = {adaptivity,elasticity,error estimation},
month = nov,
number = {8},
pages = {879--894},
publisher = {John Wiley \& Sons},
title = {{Strategies for computing goal-orienteda posteriori error measures in non-linear elasticity}},
volume = {55},
year = {2002}
}
@article{Ekhetal2004,
author = {Ekh, Magnus and Lillbacka, Robert and Runesson, Kenneth},
issn = {07496419},
journal = {International Journal of Plasticity},
keywords = {Anisotropy,Crystal plasticity,Damage,Finite deformations},
month = dec,
number = {12},
pages = {2143--2159},
publisher = {Elsevier},
title = {{A model framework for anisotropic damage coupled to crystal (visco)plasticity}},
volume = {20},
year = {2004}
}
@article{FLKR2008,
author = {Runesson, Kenneth and Larsson, Fredrik},
issn = {1543-1649},
journal = {International Journal for Multiscale Computational Engineering},
number = {4},
pages = {371--392},
title = {{Adaptive Bridging of Scales in Continuum Modeling Based on Error Control}},
volume = {6},
year = {2008}
}
@article{HJetal2005,
author = {Johansson, H\aa kan and Runesson, Kenneth and Larsson, Fredrik},
issn = {1543-1649},
journal = {International Journal for Multiscale Computational Engineering},
number = {3},
pages = {363--378},
publisher = {Begell House},
title = {{Calibration of a Nonlinear Elastic Composite With Goal-Oriented Error Control}},
volume = {3},
year = {2005}
}
@article{FishYuan2007,
author = {Fish, Jacob and Yuan, Zheng},
issn = {0178-7675},
journal = {Computational Mechanics},
month = aug,
number = {2},
pages = {249--259},
publisher = {Springer},
title = {{Multiscale enrichment based on partition of unity for nonperiodic fields and nonlinear problems}},
volume = {40},
year = {2006}
}
@article{LarssonRunessonSu2009,
author = {Larsson, Fredrik and Runesson, Kenneth and Su, Fang},
issn = {00295981},
journal = {International Journal for Numerical Methods in Engineering},
keywords = {computational homogenization,heat flow,transient},
number = {13},
pages = {1659--1686},
publisher = {John Wiley \& Sons},
title = {{Variationally consistent computational homogenization of transient heat flow}},
volume = {81},
year = {2009}
}
@article{OrtizStainier1999,
author = {Ortiz, Michael and Stainier, L.},
issn = {00457825},
journal = {Computer Methods in Applied Mechanics and Engineering},
month = apr,
number = {3-4},
pages = {419--444},
publisher = {Elsevier B.V.},
title = {{The variational formulation of viscoplastic constitutive updates}},
volume = {171},
year = {1999}
}
@article{LarsonMalqvist2007,
author = {Larson, Mats G. and M\aa lqvist, Axel},
issn = {00457825},
journal = {Computer Methods in Applied Mechanics and Engineering},
keywords = {A posteriori error estimation,Adaptivity,Energy norm,Finite element method,Poisson equation,Variational multiscale method},
mendeley-tags = {A posteriori error estimation,Adaptivity,Energy norm,Finite element method,Poisson equation,Variational multiscale method},
month = apr,
number = {21-24},
pages = {2313--2324},
publisher = {Elsevier},
title = {{Adaptive variational multiscale methods based on a posteriori error estimation: Energy norm estimates for elliptic problems}},
volume = {196},
year = {2007}
}
@article{Erikssonetal1995,
author = {Eriksson, Kenneth and Estep, Don and Hansbo, Peter and Johnson, Claes},
issn = {0962-4929},
journal = {Acta Numerica},
month = nov,
pages = {105},
title = {{Introduction to Adaptive Methods for Differential Equations}},
volume = {4},
year = {2008}
}
@book{Wriggers2002,
author = {Wriggers, Peter},
publisher = {John Willey \& Sons},
title = {{Computational Contact Mechanics}},
year = {2002}
}
@article{FLKR2006,
author = {Larsson, Fredrik and Runesson, Kenneth},
issn = {00457825},
journal = {Computer Methods in Applied Mechanics and Engineering},
month = jan,
number = {4-6},
pages = {324--338},
publisher = {Elsevier B.V.},
title = {{Adaptive computational meso–macro-scale modeling of elastic composites}},
volume = {195},
year = {2006}
}
@article{HJKR2005,
author = {Johansson, H\aa kan and Runesson, Kenneth},
issn = {0029-5981},
journal = {International Journal for Numerical Methods in Engineering},
keywords = {goal-oriented error estimate,parameter identification,sensitivity analysis},
month = mar,
number = {10},
pages = {1315--1340},
publisher = {John Wiley \& Sons},
title = {{Parameter identification in constitutive models via optimization witha posteriori error control}},
volume = {62},
year = {2005}
}
@inproceedings{ProcFLetal2003,
author = {Larsson, Fredrik and Runesson, Kenneth and Hansbo, Peter},
booktitle = {IUTAM Symposium on Computational Mechanics of Solid Materials at Large Strains},
editor = {Miehe},
pages = {385--394},
publisher = {Kluwer Academic Publishers},
title = {{Goal-oriented error control for large strain viscoplasticity}},
year = {2003}
}
@phdthesis{FL2003,
address = {Department of Applied Mechanics},
author = {Larsson, Fredrik},
school = {Chalmers University of Technology},
title = {{Goal-oriented adaptive finite element analysis in computational material mechanics}},
year = {2003}
}
@inproceedings{ProcPHeetal2002,
author = {Heintz, Per and Larsson, Fredrik and Hansbo, Peter},
booktitle = {Fifth World Congress on Computational Mechanics},
issn = {3-9501554-0-6},
title = {{On error control and adaptivity for computing material forces in fracture mechanics}},
year = {2002}
}
@article{HJetal2007a,
author = {Johansson, H\aa kan and Runesson, Kenneth and Larsson, Fredrik},
issn = {09367195},
journal = {GAMM-Mitteilungen},
keywords = {Adjoint formulation,Calibration,Dual problem,Error estimation,Parameter identification,Sensitivity assessment},
month = aug,
number = {2},
pages = {430--457},
publisher = {Wiley},
title = {{Parameter identification with sensitivity assessment and error computation}},
volume = {30},
year = {2007}
}
@article{Schwab1996,
author = {Schwab, C.},
issn = {0029-599X},
journal = {Numerische Mathematik},
month = aug,
number = {2},
pages = {221--259},
publisher = {Springer},
title = {{A-posteriori modeling error estimation for hierarchic plate models}},
volume = {74},
year = {1996}
}
@article{Steinetal2004,
author = {Stein, Erwin and R\"{u}ter, Marcus and Ohnimus, Stephan},
issn = {0029-5981},
journal = {International Journal for Numerical Methods in Engineering},
keywords = {a posteriori error estimation,goal-oriented error estimates,hierarchical model adaptivity,linear elastic fracture mechanics,reliability concepts of Eurocodes},
mendeley-tags = {a posteriori error estimation,goal-oriented error estimates,hierarchical model adaptivity,linear elastic fracture mechanics,reliability concepts of Eurocodes},
month = may,
number = {1},
pages = {103--138},
publisher = {John Wiley \& Sons},
title = {{Adaptive finite element analysis and modelling of solids and structures. Findings, problems and trends}},
volume = {60},
year = {2004}
}
@article{FLKR2004,
author = {Larsson, Fredrik and Runesson, Kenneth},
issn = {00457825},
journal = {Computer Methods in Applied Mechanics and Engineering},
keywords = {Discretization errors,Hyperelasto-(visco)-plasticity,Modeling errors},
month = dec,
number = {48-51},
pages = {5283--5300},
publisher = {Elsevier B.V.},
title = {{Modeling and discretization errors in hyperelasto-(visco-)plasticity with a view to hierarchical modeling}},
volume = {193},
year = {2004}
}
@article{QuiliciCailletaud1999,
author = {Quilici, St\'{e}phane and Cailletaud, Georges},
issn = {09270256},
journal = {Computational Materials Science},
keywords = {Crystal plasticity,Finite element,Grain boundary,Micro–macro models,Parallel computation,Surface effect},
month = dec,
number = {1-4},
pages = {383--390},
publisher = {Elsevier B.V.},
title = {{FE simulation of macro-, meso- and micro-scales in polycrystalline plasticity}},
volume = {16},
year = {1999}
}
@article{Hughesetal1998,
author = {Hughes, Thomas J. R. and Feijo, Gonzalo R. and Mazzei, Luca and Quincy, Jean-Baptiste},
issn = {00457825},
journal = {Computer Methods in Applied Mechanics and Engineering},
month = nov,
number = {1-2},
pages = {3--24},
publisher = {Elsevier B.V.},
title = {{The variational multiscale method - a paradigm for computational mechanics}},
volume = {166},
year = {1998}
}
@article{TemizerWriggers2008,
author = {Temizer, I. and Wriggers, Peter},
issn = {00457825},
journal = {Computer Methods in Applied Mechanics and Engineering},
keywords = {Macroscopic tangent computatio,Multiscale analysis,Volumetric homogenization},
month = dec,
number = {3-4},
pages = {495--510},
publisher = {Elsevier},
title = {{On the computation of the macroscopic tangent for multiscale volumetric homogenization problems}},
volume = {198},
year = {2008}
}
@article{Shenoyetal1999,
author = {Shenoy, V. B. and Miller, R. and Tadmor, E. B. and Rodney, D. and Phillips, R. and Ortiz, Michael},
issn = {00225096},
journal = {Journal of the Mechanics and Physics of Solids},
keywords = {A Dislocations,A Grain boundaries,B Constitutive behaviour,C Finite elements},
month = mar,
number = {3},
pages = {611--642},
publisher = {Elsevier},
title = {{An adaptive finite element approach to atomic-scale mechanics—the quasicontinuum method}},
volume = {47},
year = {1999}
}
@inproceedings{ProcKRFL2002,
author = {Runesson, Kenneth and Larsson, Fredrik},
booktitle = {Plasticity, Damage and Fracture at Macro, Micro and Nano Scales},
editor = {Khan and Lopez-Pamies},
pages = {600--602},
publisher = {NEAT Press, Maryland},
title = {{Goal-oriented error control in space-time for (visco)plasticity with damage}},
year = {2002}
}
@article{Ostoja2006,
author = {Ostoja-Starzewski, Martin},
issn = {02668920},
journal = {Probabilistic Engineering Mechanics},
keywords = {Random media,Representative volume element,Scale effects,Statistical volume element},
month = apr,
number = {2},
pages = {112--132},
publisher = {Elsevier},
title = {{Material spatial randomness: From statistical to representative volume element☆}},
volume = {21},
year = {2006}
}
@article{BraackErn2003,
author = {Braack, Malte and Ern, Alexandre},
issn = {15403459},
journal = {Multiscale Modeling \& Simulation},
keywords = {Galerkin methods,a posteriori estimates,duality,finite elements,model adaptivity},
number = {2},
pages = {221--238},
publisher = {SIAM},
title = {{A Posteriori Control of Modeling Errors and Discretization Errors}},
volume = {1},
year = {2003}
}
@article{OdenVemaganti2000,
author = {{Tinsley Oden}, John and Vemaganti, Kumar S.},
issn = {00219991},
journal = {Journal of Computational Physics},
keywords = {estimates,heterogeneous materials,hierarchical modeling,local error,modeling error},
month = oct,
number = {1},
pages = {22--47},
publisher = {Academic Press},
title = {{Estimation of Local Modeling Error and Goal-Oriented Adaptive Modeling of Heterogeneous Materials I. Error Estimates and Adaptive Algorithms}},
volume = {164},
year = {2000}
}
@article{AHetal2008,
author = {Holmstr\"{o}m, Andreas and Larsson, Fredrik and Runesson, Kenneth and Edlund, Stefan},
issn = {1615-147X},
journal = {Structural and Multidisciplinary Optimization},
keywords = {Development process,Manufacturing criteria,Optimization},
month = mar,
number = {1},
pages = {69--77},
publisher = {Springer},
title = {{Optimization strategy in the development process with application to cast components}},
volume = {35},
year = {2007}
}
@article{RuterStein2006,
author = {R\"{u}ter, Marcus and Stein, Erwin},
issn = {00457825},
journal = {Computer Methods in Applied Mechanics and Engineering},
keywords = {A posteriori error estimation,Duality techniques,J-integral,Linear elastic fracture mechanics},
month = jan,
number = {4-6},
pages = {251--278},
publisher = {Elsevier B.V.},
title = {{Goal-oriented a posteriori error estimates in linear elastic fracture mechanics}},
volume = {195},
year = {2006}
}
@article{heintzetal2006,
author = {Heintz, Per and Hansbo, Peter},
issn = {00457825},
journal = {Computer Methods in Applied Mechanics and Engineering},
keywords = {Contact,Friction,Non-matching grids,Stabilized Lagrange multipliers},
month = jul,
number = {33-36},
pages = {4323--4333},
publisher = {Elsevier B.V.},
title = {{Stabilized Lagrange multiplier methods for bilateral elastic contact with friction}},
volume = {195},
year = {2006}
}
@article{Fishetal1d2002,
author = {Fish, Jacob and Chen, Wen and Nagai, Gakuji},
issn = {0029-5981},
journal = {International Journal for Numerical Methods in Engineering},
keywords = {dispersive,gradient,homogenization,multiple scales,non-local,wave propagation},
month = may,
number = {3},
pages = {331--346},
publisher = {John Wiley \& Sons},
title = {{Non-local dispersive model for wave propagation in heterogeneous media: one-dimensional case}},
volume = {54},
year = {2002}
}
@phdthesis{Lillbacka2007,
address = {Department of Applied Mechanics},
author = {Lillbacka, Robert},
isbn = {978-91-7291-893-1},
publisher = {Chalmers University of Technology},
school = {Chalmers University of Technology},
title = {{On the multiscale modeling of duplex stainless steel}},
year = {2007}
}
@article{FLKR2007,
author = {Larsson, Fredrik and Runesson, Kenneth},
issn = {0178-7675},
journal = {Computational Mechanics},
month = sep,
number = {5},
pages = {647--661},
publisher = {Springer},
title = {{RVE computations with error control and adaptivity: the power of duality}},
volume = {39},
year = {2006}
}
@book{Lindstrom2004,
annote = {Thesis for the degree of Licentiate of Engineering},
author = {Lindstr\"{o}m, A.},
publisher = {Chalmers University of Technology},
title = {{Biot poroelasticity -- Theory, finite element calculations, and experiments}},
year = {2004}
}
@article{BeckerRannacher1996,
author = {Rannacher, R. and Suttmeier, F.T.},
issn = {0178-7675},
journal = {Computational Mechanics},
month = apr,
number = {5},
pages = {434--446},
publisher = {Springer},
title = {{A feed-back approach to error control in finite element methods: application to linear elasticity}},
volume = {19},
year = {1997}
}
@book{Torquato2002,
author = {Torquato, S.},
publisher = {Springer Verlag},
title = {{Random Heterogeneous Mater. Microstruct. and Macroscopic Properties}},
year = {2002}
}
@inproceedings{Ladeveze2002,
author = {Ladev\`{e}ze, Pierre},
booktitle = {Fifth World Congress on Computational Mechanics},
title = {{Multiscale modeling and computational strategies for composites}},
year = {2002}
}
@inproceedings{Oden2002,
author = {Oden, JT},
booktitle = {Proceedings: Fifth World Congress on Computational Mechanics},
title = {{A posteriori estimation of modeling and approximation error in computational science and engineering: new tools for verification and validation of computer simulations}},
year = {2002}
}
@unpublished{timesequential,
annote = {Submitted for publication in \{$\backslash$it International Journal for Numerical Methods in Engineering\}},
author = {Larsson, Fredrik and Runesson, Kenneth},
title = {{A sequential-adaptive strategy in space-time with application to consolidation of porous media}}
}
@book{Nemat-NasseHori1993,
author = {Nemat-Nasser, Sia and Hori, M.},
isbn = {978-0-444-50084-7},
publisher = {Elsevier},
title = {{Micromechanics: Overall properties of heterogeneous materials}},
year = {1993}
}
@article{LohnertWriggers2003,
author = {L\"{o}hnert, Stefan and Wriggers, Peter},
journal = {Technische Mechanik},
number = {2-4},
pages = {167--177},
title = {{Homogenisation of microheterogeneous materials considering interfacial delamination at finite strains}},
volume = {23},
year = {2003}
}
@article{SimoPister1984,
author = {Simo, J. C. and Pister, K. S.},
issn = {00457825},
journal = {Computer Methods in Applied Mechanics and Engineering},
month = oct,
number = {2},
pages = {201--215},
publisher = {Elsevier},
title = {{Remarks on rate constitutive equations for finite deformation problems: computational implications}},
volume = {46},
year = {1984}
}
@article{HJetal2007b,
author = {Johansson, H\aa kan and Runesson, Kenneth and Larsson, Fredrik},
issn = {0178-7675},
journal = {Computational Mechanics},
keywords = {Calibration,Parameter identification,Viscoelasticity},
mendeley-tags = {Calibration,Parameter identification,Viscoelasticity},
month = mar,
number = {1},
pages = {107--119},
publisher = {Springer},
title = {{Calibration of a class of non-linear viscoelasticity models with adaptive error control}},
volume = {41},
year = {2007}
}
@inproceedings{ProcMRetal2001,
author = {R\"{u}ter, Marcus and Stein, Erwin and Larsson, Fredrik and Hansbo, Peter and Runesson, Kenneth},
booktitle = {2nd European Conference on Computational Mechanics},
title = {{Strategies for goal-oriented error measures in nonlinear elasticity}},
year = {2001}
}
@inbook{Hassan2002,
address = {Chicago},
booktitle = {20th International Congress of Theoretical and Applied Mechanics},
chapter = {Hierarchic},
editor = {Hassan, Aref and Philips, James W.},
publisher = {Kluwer Academic Publishers},
title = {{Mechanics for a new millennium}},
year = {2002}
}
@article{RLietal2006,
author = {Lillbacka, Robert and Larsson, Fredrik and Runesson, Kenneth},
issn = {1543-1649},
journal = {International Journal for Multiscale Computational Engineering},
number = {5-6},
pages = {771--790},
publisher = {Begell House},
title = {{On the Implementation of Plane Stress in Computational Multiscale Modeling}},
volume = {4},
year = {2006}
}
