@article{Ohman2011a,
  title = {Computational mesoscale modeling and homogenization of liquid-phase sintering of particle agglomerates},
  author = {Mikael Öhman and Kenneth Runesson and Fredrik Larsson},
  journaltitle = {Technische Mechanik},
  volume = {32},
  year = {2012},
  pages = {463--483},
}

@article{Ohman2011b,
  title = {FE² for Liquid-Phase Sintering with Seamless Transition from Macroscopic Compressibility to Incompressibility},
  author = {Mikael Öhman and Kenneth Runesson and Fredrik Larsson},
  year = {2011},
  pubstate = {inpreparation}
}