@Article{ appwheelrailcurvedtracks_jpombo, 
        author          = "João C. Pombo" # " and Jorge A.C. Ambrósio",
        title           = "Application of a wheel-rail contact model to railway dynamics in small radius curved tracks",
        publisher       = "Springer Science",
        year            = "2008",
        journal         = "Multibody Syst Dyn",
        volume          = "19",
        pages           = "91--114",
} 

@Article{ conventionalbogie_cnordstrom, 
        author          = "Carsten Nordstrøm Jensen" # " and Hans True",
        title           = "Application of a wheel-rail contact model to railway dynamics in small radius curved tracks",
        publisher       = "Kluwer Academic Publishers",
        year            = "1997",
        journal         = "Nonlinear Dynamics",
        volume          = "13",
        pages           = "117--129",
}

@Article{ kzfmodel_hanjalic, 
        author          = "Kemal Hanjalic et al.",
        title           = "A robust near-wall elliptic-relaxation eddy-viscosity turbulence model for CFD",
        publisher       = "Elsevier",
        year            = "2004",
        journal         = "International Journal of Heat and Fluid Flow",
        volume          = "25",
        pages           = "1047--1051",
}

@Article{ popovac_hanjalic, 
        author          = "M. Popovac and Kemal Hanjalic",
        title           = "Compound Wall Treatment for RANS Computation of Complex Turbulent Flows and Heat Transfer",
        publisher       = "",
        year            = "2007",
        journal         = "Turbulence and Combustion",
        volume          = "78",
        pages           = "177--202",
}

@Article{ basara, 
        author          = "Branislav Basara",
        title           = "An Eddy Viscosity Transport Model Based on Elliptic Relaxation Approach",
        publisher       = "",
        year            = "2006",
        journal         = "AIAA J.",
        volume          = "44",
        pages           = "1686--1690",
}

@Article{ sinisa, 
        author          = "Siniša Krajnović",
        title           = "Computer Simulation of a Train Exiting a Tunnel Through a Varying Crosswind",
        year            = "2008",
        journal         = "International Journal of Railway",
        volume          = "3",
	pages           = "99--105",
}

@Book{ hallfasthetslara_bsundstrom,
        author          = "Bengt Sundström et al.",
        title           = "Handbok och formelsamling i Hållfasthetslära",
        publisher       = "Fingraf AB",
        year            = "2005",
        address         = "Södertälje, Sweden",
}

@Book{ contact_mechanics_kljohnson,
        author          = "K.L. Johnson",
        title           = "Contact Mechanics",
        publisher       = "Cambridge University Press",
        year            = "1985",
}

@Book{ railvehicledynamics_eandersson,
        author          = "Evert Andersson et al.",
        title           = "Rail Vehicle Dynamics",
        publisher       = "Universitetsservice AB",
        year            = "2007",
        address         = "Stockholm, Sweden",
}

@Book{ hogahastigheterisjpersontrafik_bjonsson,
        author          = "Bo Jonsson et al.",
        title           = "Höga hastigheter i SJ persontrafik",
        publisher       = "SJ Centralförvaltning",
        year            = "1969",
        address         = "Stockholm, Sweden",
}

@Book{ numerical_analysis_of_de_aiserles,
        author          = "Arieh Iserles",
        title           = "A First Course in the Numerical Analysis of Differential Equations",
        publisher       = "Cambridge University Press",
        year            = "2004",
        ISBN            = "0-521-55655-4",
}

@Book{ bjerklund,
        author          = "Erik Bjerklund et al.",
        title           = "Design of High-Speed Trains for Cross-Wing Stability",
        publisher       = "Chalmers Tekniska Högskola",
        year            = "2007",
}

@Misc{ matlab_manual_ode,
        publisher       = "Mathworks",
        year            = "2008",
        title           = "MATLAB manual for ODE solvers",
        howpublished    = "\url{http://www.mathworks.com/access/helpdesk/help/techdoc/ref/ode45.html}",
}

@Misc{ fire_manual,
        publisher       = "AVL",
        year            = "2008",
        title           = "Fire v2008 CFD Solver manual",     
}
