@article{LuLo06,
author={S. Luyckx and A. Love},
title={The dependence of the contiguity of {WC} on {Co} content and its independence from {WC} grain size in {WCâ€“Co} alloys},
journal={Int. J. Refract. Met. Hard Mater.},
volume={24},
pages={75},
year={2006}
}

@inproceedings{MaGe09,
author={M. Magin and J.-S. G{\'e}rard},
title={Microstructural Modelling of Hardmetals Using Innovative Numeric
Analysis Tools},
booktitle={Proceedings of the 17th International Plansee Seminar, vol. 3},
editor={L.~S. Sigl and P. R{\"o}dhammer and H. Wildner},
publisher={Plansee Group},
year={2009},
address={Reutte, Tyrol, Austria},
pages={WS3}
}

@article{Ex79,
author={H.~E. Exner},
title={Physical and chemical nature of cemented carbides},
journal={Int. Met. Rev.},
volume={24},
number={4},
year={1979},
pages={149}
}

@incollection{LaMi14,
author={S. Lay and J.-M. Missiaen},
title={Microstructure and Morphology of Hardmetals},
booktitle={Comprehensive Hard Materials},
editor={V.~K. Sarin and D. Mari and L. Llanes and C.~E. Nebel},
publisher={Elsevier},
address={Oxford, United Kingdom},
year={2014}
}

@article{GrJa14,
author={M.~A. Groeber and M.~A. Jackson},
title={{DREAM.3D: A Digital Representation Environment for the Analysis of Microstructure in 3D}},
journal={Integrating Materials and Manufacturing Innovation},
volume={3},
year={2014},
pages={5}
}

@misc{Dream3D,
title = {{Dream3D}},
howpublished = "\url{http://dream3d.bluequartz.net}",
year = {2014}, 
note = "[Online; accessed 8-Sep-2014]"
}

@misc{Cython,
title = {{Cython}},
howpublished = "\url{http://cython.org}",
year = {2014}, 
note = "[Online; accessed 8-Sep-2014]"
}

@misc{h5py,
title = {{h5py}},
howpublished = "\url{http://www.h5py.org}",
year = {2014}, 
note = "[Online; accessed 12-Sep-2014]"
}

@misc{paraview,
title = {{Paraview}},
howpublished = "\url{http://www.paraview.org}",
year = {2014}, 
note = "[Online; accessed 12-Sep-2014]"
}

@misc{CCBuilder,
author={S.~A.~E. Johansson},
title = {{CCBuilder}},
howpublished = "\url{https://github.com/svenjoh/CCBuilder}",
year = {2014}, 
note = "[Online; accessed 8-Sep-2014]"
}

@article{ChWaAlLa05,
author={M. Christensen and G. Wahnstr{\"o}m and C. Allibert and S. Lay},
title={Quantitative Analysis of {WC} Grain Shape in Sintered {WC-Co} Cemented Carbides},
journal={Phys. Rev. Lett.},
year={2005},
volume={94},
pages={066105}
}

@article{ChWaLaAl07,
author={M. Christensen and G. Wahnstr{\"o}m and S. Lay and C.~H. Allibert},
title={Morphology of $\text{WC}$ grains in $\text{WC-Co}$ alloys: Theoretical determination of grain shape},
journal={Acta Mater.},
volume={55},
year={2007},
pages={1515}
}

@article{LaAlChWa08,
author={S. Lay and C.~H. Allibert and M. Christensen and G. Wahnstr{\"o}m},
title={Morphology of {WC} grains in {WC-Co} alloys},
journal={Mater. Sci. Eng., A},
volume={486},
year={2008},
pages={253}
}

@misc{Br02,
author={R.~M. Brannon},
title={{ROTATION: A review of useful theorems involving proper orthogonal matrices referenced to three-dimensional physical space
}},
howpublished="\url{http://www.mech.utah.edu/~brannon/public/rotation.pdf}",
year={2002}, 
note="[Online; accessed 9-Sep-2014]"
}

@article{HoBa01,
year={2001},
journal={JOM},
volume={53},
title={The computer simulation of microstructural evolution},
author={E.~A. Holm and C.~C. Battaile},
pages={20},
}

@article{KiMaRo08,
author={C.-S. Kim and T.~R. Massa and G.~S. Rohrer},
title={Interface Character Distributions in {WC-Co} Composites},
journal={J. Am. Ceram. Soc.},
volume={91},
pages={996},
year={2008}
}