@article{Larssonetal1993,
  title={Discontinuous Displacement Approximation for Capturing Plastic Localization},
  author={Larsson, R., and Runesson, K., and Saabye Ottosen, N.},
  journal={International Journal for Numerical Methods in Engineering},
  volume={36},
  pages={2087--2105},
  year={1993},
  publisher={Wiley}
}

@article{ahmed2011geometrically,
  title={A geometrically nonlinear discontinuous solid-like shell element (DSLS) for thin shell structures},
  author={Ahmed, A. and van der Meer, FP and Sluys, LJ},
  journal={Computer Methods in Applied Mechanics and Engineering},
  year={2011},
  publisher={Elsevier}
}

@ARTICLE{aragon1,
 author={A.M. Arag\'{o}n and C.A. Duarte and P.H. Geubelle},
 title={Generalized finite element enrichment functions for discontinuous gradient fields},
 journal={Int. J. Numer. Meth. Eng.},
 volume={82},
 pages={242--268},
 year={2006},
}

@article{areias2005non,
  title={Non-linear analysis of shells with arbitrary evolving cracks using XFEM},
  author={Areias, P.M.A. and Belytschko, T.},
  journal={International Journal for Numerical Methods in Engineering},
  volume={62},
  number={3},
  pages={384--415},
  year={2005},
  publisher={Wiley Online Library}
}

@article{areias2006analysis,
  title={Analysis of fracture in thin shells by overlapping paired elements},
  author={Areias, P. and Song, JH and Belytschko, T.},
  journal={Computer methods in applied mechanics and engineering},
  volume={195},
  number={41},
  pages={5343--5360},
  year={2006},
  publisher={Elsevier}
}

@ARTICLE{areias1,
 author={P.M.A Areais and T. Belytschko},
 title={Analysis of three-dimensional crack initiation and propagation using the extended finite element method},
 journal={International Journal for Numerical Methods in Engineering},
 volume={63},
 pages={760--788},
 year={2005},
}

@ARTICLE{armero1,
 author={F. Armero and K. Garikipati},
 title={An analysis of strong discontinuities in multiplicative finite
strain plasticity and their relation with the numerical simulation of strain localization in solids},
 journal={International Journal of Solids and Structures},
 volume={33},
 year={1996},
 pages={2863-2885},
}

@ARTICLE{atkinson1,
 author={C. Atkinson and J.D. Eshelby},
 title={The flow of energy into the tip of a moving crack},
 journal={International Journal of Fracture Mechanics},
 volume={4},
 year={1968},
 pages={3--8},
}

@ARTICLE{atluri1,
 author={S.N. Atluri},
 title={Path-independent integrals in finite elasticity and inelasticity, with body forces, inertia,
 and arbitrary crack-face conditions},
 journal={Engineering Fracture Mechanics},
 volume={16},
 year={1982},
 pages={341--364},
}
@ARTICLE{babuska1,
 author={I. Babu\v{s}ka and J.M. Melenk },
 title={The partition of unity finite element method: Basic theory and applications},
 journal={Computer Methods in Applied Mechanics and Engineering},
 volume={139},
 year={1996},
 pages={289-314},
}
@ARTICLE{bao1,
 author={Y. Bao and T. Wierzbicki},
 title={A comparative study on various ductile crack formation criteria},
 journal={Transactions of the ASME. Journal of Engineering Materials and Technology},
 volume={126},
 year={2004},
 pages={314-324},
}

@ARTICLE{bardet1,
 author={J.P. Bardet},
 title={Lode dependences for isotropic pressure-sensitive elasto-plastic materials},
 journal={ASME J. Appl. Mech.},
 volume={57},
 year={1990},
 pages={498--506},
}


@ARTICLE{barenblatt1,
 author={G.I. Barenblatt},
 title={Mathematical theory of equilibrium cracks in brittle fracture},
 journal={Advances in Applied Mechanics},
 volume={7},
 year={1962},
 pages={55-129},
}

@article{belytschko1984explicit,
  title={Explicit algorithms for the nonlinear dynamics of shells},
  author={Belytschko, T. and Lin, J.I. and Tsay, C.S.},
  journal={Computer methods in applied mechanics and engineering},
  volume={42},
  number={2},
  pages={225--251},
  year={1984},
  publisher={Elsevier}
}

@ARTICLE{belytschko1,
 author={T. Belytschko and T. Black},
 title={Elastic crack growth in finite elements with minimal remeshing},
 journal={International Journal for Numerical Methods in Engineering},
 volume={45},
 year={1999},
 pages={601-620},
}

@book{belytschko2000nonlinear,
  title={Nonlinear finite elements for continua and structures},
  author={Belytschko, T. and Liu, W.K. and Moran, B.},
  volume={1},
  year={2000},
  publisher={Wiley New York}
}

@ARTICLE{belytschko2,
 author={T. Belytschko and N. Mo\"es and S. Usui and C. Parimi},
 title={Arbitrary discontinuities in finite elements},
 journal={International Journal for Numerical Methods in Engineering},
 volume={50},
 year={2001},
 pages={993-1013},
}
@ARTICLE{belytschko3,
 author={T. Belytschko and R.L. Chiapetta and H.D. Bartel},
 title={Efficient large scale non-linear transient analysis by finite elements},
 journal={International Journal for Numerical Methods in Engineering},
 volume={10},
 year={1976},
 pages={579-596},
}

@ARTICLE{belytschko4,
 author={T. Belytschko and H. Chen and J. Xu and G. Xi},
 title={Dynamic crack propagation based on loss of hyperbolicity and a new discontinuous enrichment},
 journal={International Journal for Numerical Methods in Engineering},
 volume={58},
 year={2003},
 pages={1873--1905},
}

@BOOK{bergkvist1,
 author={A. Bergkvist},
 title={{On the crack driving force in elastic-plastic fracture mechanics with application to rolling contact fatigue in rails}},
 publisher={Licentiate Thesis, Chalmers University of Technology},
 address = {G\"oteborg},
 year={2005},
}

@ARTICLE{bil1,
 author={H. Bil and S.E. K{\i}l{\i}\c{c} and A.E. Tekkaya},
 title={A comparison of orthogonal cutting data from experiments with three different finite element models},
 journal={Int. J. Mach. Tool Manu.},
 volume={33},
 year={2004},
 pages={933--944},
}

@article{bischoff2000physical,
  title={On the physical significance of higher order kinematic and static variables in a three-dimensional shell formulation},
  author={Bischoff, M. and Ramm, E.},
  journal={International Journal of Solids and Structures},
  volume={37},
  number={46},
  pages={6933--6960},
  year={2000},
  publisher={Elsevier}
}

@ARTICLE{bjerke1,
 author={T.W. Bjerke and J. Lambros},
 title={Heating during shering and opening dominated fracture of polymers},
 journal={Experimental Mechanics},
 volume={42},
 year={2002},
 pages={107--114},
}

@ARTICLE{bjerke2,
 author={T.W. Bjerke and J. Lambros},
 title={Theoretical development and experimental validation of a thermally dissipative cohesive zone model for dynamic fracture of amorphous polymers},
 journal={Journal of the Mechnaics and Physics of Solids},
 volume={51},
 year={2003},
 pages={1147--1170},
}

@ARTICLE{bjerke3,
 author={T.W. Bjerke Z. Li and J. Lambros},
 title={Role of plasticity in heat generation during high rate deformation and fracture of polycarbonate},
 journal={International Journal of Plasticity},
 volume={18},
 year={2002},
 pages={549--567},
}

@ARTICLE{bocca1,
 author={P. Bocca and A. Carpinteri and S. Valente},
 title={Mixed mode fracture of concrete},
 journal={International Journal of Solids and Structures},
 volume={27},
 year={1991},
 pages={1139-1153},
}

@ARTICLE{borouchaki1,
 author={H. Borouchaki and P. Laug and A. Cherouat and S. Saanouni},
 title={Remeshing in large plastic strain with damage},
 journal={Int. J. Numer. Meth. Eng.},
 volume={63},
 year={2005},
 pages={1--36},
}

@ARTICLE{borvik1,
 author={T. B{\o}rvik and  M. Langseth and O. S. Hopperstad and K. A. Malob},
 title={Ballistic penetration of steel plates },
 journal={International Journal of Impact Engineering},
 volume={22},
 year={1999},
 pages={855--886},
}

@ARTICLE{borvik2,
 author={T. B{\o}rvik and O. S. Hopperstad and T. Berstad and M. Langseth},
 title={A computational model of viscoplasticity and ductile damage for impact and penetration },
 journal={European Journal of Mechanics - A/Solids},
 volume={20},
 year={2001},
 pages={685--712},
}

@BOOK{broberg1,
 author={B. Broberg},
 title={{Cracks and Fracture}},
 publisher={Academic Press},
 address={London},
 year={1999},
 ISBN={},
}

@BOOK{broek1,
 author={D. Broek},
 title={{The Practical Use of Fracture Mechanics}},
 publisher={Kluwer Academic Publishers},
 address={Dordrecht},
 year={1989},
 ISBN={},
}

@ARTICLE{camacho1,
 author={G.T. Camacho and M. Ortiz},
 title={Computational modelling of impact damage in brittle materials},
 journal={International Journal of Solids and Structures},
 volume={33},
 year={1996},
 pages={2899--2938},
}

@ARTICLE{cannmo1,
 author={P. Cannmo and L. M\"ahler and K. Runesson},
 title={Modelling of interfacial viscoplastic slip coupled to damage in a polycrystalline microstructure},
 journal={Comput. Mech.},
 volume={20},
 year={1997},
 pages={12--19},
}

@ARTICLE{casal1,
 author={P. Casal},
 title={Interpretation of the Rice integral in continuum mechanics},
 journal={International Journal of Engineering Science},
 volume={16},
 year={1978},
 pages={335-347},
}

@article{cazes1,
title = "A thermodynamic method for the construction of a cohesive law from a nonlocal damage model",
journal = "International Journal of Solids and Structures",
volume = "46",
pages = "1476 - 1490",
year = "2009",
author = "F. Cazes and M. Coret and A. Combescure and A. Gravouil",
}


@ARTICLE{cendon1,
 author={D.A. Cend\'{o}n and J.C. G\'{a}lvez and M. Elices and J. Planas},
 title={Modelling the fracture of concrete under mixed-mode loading},
 journal={International Journal of Fracture},
 volume={103},
 year={2000},
 pages={293-310},
}

@article{muscat1997out,
  title={Out-of-plane stretching and tearing fracture in ductile sheet materials},
  author={Muscat-Fenech, C.M. and Atkins, A.G.},
  journal={International journal of fracture},
  volume={84},
  number={4},
  pages={297--306},
  year={1997},
  publisher={Springer}
}

@ARTICLE{cockcroft1,
 author={M.G. Cockcroft and D.J. Latham},
 title={Ductility and the workability of metals},
 journal={Journal of the Institute of Metals},
 volume={96},
 year={1968},
 pages={33--39},
}

@ARTICLE{coppola1,
 author={T. Coppola and L. Cortese and P. Folgarait},
 title={The effect of stress invariants on ductile fracture limit in steels},
 journal={Eng. Fract. Mech.},
 volume={76},
 year={2009},
 pages={1288--1302},
}

@ARTICLE{cornec1,
 author={A. Cornec and I. Scheider and K.-H. Schwalbe},
 title={On the practical application of the cohesive model},
 journal={Engineering Fracture Mechanics},
 volume={70},
 year={2003},
 pages={1963-1987},
}

@ARTICLE{costanzo1,
 author={F. Costanzo and J.R. Walton},
 title={A study of dynamic crack growth in elastic materials using a cohesive zone model},
 journal={International Journal of Engineering Science},
 volume={35},
 year={1997},
 pages={1085--1114},
}

@ARTICLE{costanzo2,
 author={F. Costanzo and J.R. Walton},
 title={Numerical simulations of a dynamically propagating crack with a nonlinear cohesive zone},
 journal={International Journal of Fracture},
 volume={91},
 year={1998},
 pages={373--389},
}

@ARTICLE{costanzo3,
 author={F. Costanzo and J.R. Walton},
 title={Steady growth of a crack with a rate and temperature sensitive cohesive zone},
 journal={Journal of the Mechanics and Physics of Solids},
 volume={50},
 year={2002},
 pages={1649--1679},
}

@ARTICLE{clayton1,
 author={J.D. Clayton},
 title={Continuum multiscale modelling of finite deformation plasticity and anisotropic damage in polycrystals},
 journal={Theor. Appl. Fract. Mec.},
 volume={45},
 pages={163--185},
 year={2006},
}

@ARTICLE{daux1,
 author={C. Daux and N. Mo\"{e}s and J. Dolbow and N. Sukumar and T. Belytschko},
 title={Arbitrary branched and intersecting cracks with the extended finite element method},
 journal={International Journal for Numerical Methods in Engineering},
 volume={48},
 year={2000},
 pages={1741-1760},
}

@ARTICLE{dey1,
 author={S. Dey and T. B{\o}rvik and O.S. Hopperstad and J. R. Leinum and M. Langseth},
 title={The effect of target strength on the perforation of steel plates using three different projectile nose shapes},
 journal={International Journal of Impact Engineering},
 volume={30},
 year={2004},
 pages={1005-1038},
}

@ARTICLE{dey2,
 author={S. Dey and T. B{\o}rvik and O.S. Hopperstad and M. Langseth},
 title={On the influence of fracture criterion in projectile impact of steel plates },
 journal={Computational Materials Science},
 volume={38},
 year={2006},
 pages={176-191},
}

@ARTICLE{dey3,
 author={S. Dey and T. B{\o}rvik and O.S. Hopperstad and M. Langseth},
 title={On the influence of constitutive relation in projectile impact of steel plates},
 journal={International Journal of Impact Engineering },
 volume={34},
 year={2007},
 pages={464--486},
}

@ARTICLE{deVries1995,
 author={T.J. de Vries and C.A.J.R. Vermeeren},
 title={R-curve test data 2024-T3, 7075-T6, GLARE-2 and GLARE-3},
 journal={Memorandum M-705, University of Delft},
 year={1995},
}

@ARTICLE{dugdale1,
 author={D.S. Dugdale},
 title={Yielding of steel sheets containing slits},
 journal={Journal of the Mechanics and Physics of Solids},
 volume={8},
 year={1960},
 pages={100-104},
}
@ARTICLE{ekh1,
    author = {M. Ekh and K. Runesson},
    title={Modeling and numerical issues in hyperelasto-plasticity with anisotropi},
    journal={International Journal of Solids and Structures},
    volume={38},
    year={2001},
    pages={9461--9478},
}

@ARTICLE{emery1,
 author={J.M. Emery and J. Hochhalter and P.A. Wawryznek and G. Heber and A.R. Ingraffea},
 title={{DDSim: A hierarchical, multiscale damage and durability simulation system - Part I: Methodology and Level I}},
 journal={Eng. Fract. Mech.},
 volume={76},
 year={2009},
 pages={1500--1530},
}

@ARTICLE{erdogan1,
    author = {F. Erdogan and G.C. Sih},
    title={On the crack extension in plates under plane loading and transverse shear},
    journal={Journal of Basic Engineering},
    volume={85},
    year={1963},
    pages={519-527},
}

@ARTICLE{erdogan2,
    author = {F. Erdogan},
    title={Fracture mechanics},
    journal={International Joirnal of Solids and Structures},
    volume={37},
    year={2000},
    pages={171-183},
}


@ARTICLE{eshelby1,
    author = "J.D. Eshelby",
    title="The force on an elastic singularity",
    journal="Philosophical Transactions of the Royal Society of London",
    volume="A244",
    year="1951",
    pages="1-17",
}

@ARTICLE{eshelby2,
    author = {J.D. Eshelby},
    title={The energy-momentum tensor},
    journal={{Journal of Elasticity}},
    volume={5},
    year={1975},
    pages={321-335},
}

@ARTICLE{fagerstrom1,
    author = {M. Fagerstr\"om and R. Larsson},
    title={Theory and numerics for finite deformation fracture modelling using strong discontinuities},
    journal={International Journal for Numerical Methods in Engineering},
    volume={66},
    year={2006},
    pages={911-948},
}

@ARTICLE{fagerstrom2,
    author = {M. Fagerstr\"om and R. Larsson},
    title={Approaches to dynamic fracture modelling at finite deformations},
    journal={J. Mech. Phys. Solids},
    volume={56},
    year={2008},
    pages={613--639},
}

@ARTICLE{fagerstrom3,
    author = {M. Fagerstr\"om and R. Larsson},
    title={A thermo-mechanical cohesive zone formulation for ductile fracture},
    journal={J. Mech. Phys. Solids},
    volume={56},
    year={2008},
    pages={3037--3058},
}

@ARTICLE{feraren1,
    author = {P. Feraren and H.M. Jensen},
    title={Cohesive zone modelling of interface fracture near flaws in adhesive joints},
    journal={Engineering Fracture Mechanics},
    volume={71},
    year={2004},
    pages={2125--2142},
}

@ARTICLE{fish1,
 author={J. Fish},
 title={The s-version of the finite element method},
 journal={Comput. Struct.},
 volume={43},
 year={1992},
 pages={539--547},
}

@ARTICLE{fleming1,
    author = {M. Fleming and Y.A. Chu and B. Moran and T. Belytschko},
    title={Enriched element-free {Galerkin} methods for crack tip fields},
    journal={International Journal for Numerical Methods in Engineering},
    volume={40},
    year={1997},
    pages={1483-1504},
}

@ARTICLE{freund1,
    author = {L.B. Freund},
    title={Energy flux into the tip of an extending crack in an elastic solid},
    journal={Journal of Elasticity},
    volume={2},
    year={1972},
    pages={341--349},
}

@ARTICLE{gasser1,
    author = {T.C. Gasser and G.A. Holzapfel},
    title={Geometrically non-linear and consistently linearized embedded
    strong discontinuity models for {3D} problems with an application to
    the dissection analysis of soft biological tissues},
    journal={{Computer Methods in Applied Mechanics and Engineering}},
    volume={192},
    year={2003},
    pages={5059--5098},
}

@ARTICLE{geers1,
 author={M.G.D. Geers and R.L.J.M Ubachs and M. Erinc and M.A. Matin and P.J.G. Schreurs and W.P. Vellinga},
 title={Multiscale Analysis of Microstructural Evolution and Degradation in Solder Alloys},
 journal={Int. J. Multiscale Com.},
 volume={5},
 year={2007},
 pages={93--103},
}


@ARTICLE{griffith1,
    author = {Y.B. Guo and C.R. Liu},
    title={Mechanical Properties of Hardened {AISI} 52100 Steel in Hard Machining Processes},
    journal={Journal of Manufacturing Science and Engineer},
    volume={124},
    year={2002},
    pages={1--9},
}

@ARTICLE{gurson1,
    author = {A.L. Gurson},
    title={{Continuum theory of ductile rupture by void nucleation and growth: Part I --- Yield criteria and flow rules for porous ductile media}},
    journal={Journal of Engineering Materials and Technology},
    volume={99},
    year={1977},
    pages={2-15},
}

@BOOK{gurtin1,
 author={M.E. Gurtin},
 title={Configurational {Forces} as {Basic} {Concepts} of {Continuum} {Physics}},
 publisher={Springer-Verlag},
 address={New York},
 year={2000},
 ISBN={},
}

@ARTICLE{gurtin2,
    author = {M.E. Gurtin},
    title={The nature of configurational forces},
    journal={Archive for Rational Mechanics and Analysis},
    volume={131},
    year={1995},
    pages={67-100},
}

@ARTICLE{gurtin3,
    author = {M.E. Gurtin and P. Podio-Guidugli},
    title={Configurational forces and the basic laws for crack propagation},
    journal={Journal of the Mechanics and Physics of Solids},
    volume={44},
    year={1996},
    pages={905-927},
}

@ARTICLE{gurtin4,
    author = {M.E. Gurtin and P. Podio-Guidugli},
    title={Configurational forces constitutive theory for crack propagation that allows for kinking and curving},
    journal={Journal of the Mechanics and Physics of Solids},
    volume={48},
    year={1998},
    pages={1343--1378},
}

@ARTICLE{gurtin5,
    author = {M.E. Gurtin},
    title={Thermodynamics and the cohesive zone in fracture},
    journal={Zeitschrift fur Angewandte Mathematik und Physik},
    volume={30},
    year={1979},
    pages={991--1003},
}

@ARTICLE{hallberg:private,
    author = {H. Hallberg},
    title={\emph{Department of Solid Mechanics, Lund University, Lund, Sweden}. {Private communication}},
    year={2007},
}


@ARTICLE{hansbo1,
    author = {A. Hansbo and P. Hansbo},
    title={A finite element method for the simulation of strong and weak discontinuities in elasticity},
    journal={Computer Methods in Applied Mechanics and Engineering},
    volume={193},
    year={2004},
    pages={3523--3540},
}


@ARTICLE{hansbo2,
    author = {A. Hansbo and P. Hansbo},
    title={{An unfitted finite element method, based on Nitsche's method, for elliptic interface problems}},
    journal={Computer Methods in Applied Mechanics and Engineering},
    volume={191},
    year={2002},
    pages={5537--5552},
}

@ARTICLE{hattiangadi1,
    author = {A. Hattiangadi and T. Siegmund},
    title={A numerical study of interface crack growth under heat flux loading},
    journal={International Journal of Solids and Structures},
    volume={42},
    year={2005},
    pages={6335--6355},
}


@ARTICLE{heintz2,
    author = {P. Heintz and F. Larsson and P. Hansbo and K. Runesson},
    title={Adaptive strategies and error control for computing material forces in fracture mechanics},
    journal={International Journal for Numerical Methods in Engineering},
    volume={60},
    year={2004},
    pages={1287-1299},
}

@ARTICLE{heintz3,
    author = {P. Heintz},
    title={On the numerical modelling of quasi-static crack growth in linear elastic fracture mechanics},
    journal={International Journal for Numerical Methods in Engineering},
    volume={65},
    year={2006},
    pages={174-189},
}

@CONFERENCE{heintz4,
    author = {P. Hansbo and P. Heintz},
    title={Finite Element modeling of cohesive cracks by {Nitche's} method. \emph{Fracture of Nano and Engineering Materials and Structures}. {Edited by E.E. Gdouts}},
    year={2006},
    pages={947},
    publisher={Springer},
    note={Full paper available on CD}
}


@BOOK{hernelid1,
 author={F. Hernelid},
 title={{Thermo-Mechanical Finite Element Analysis of High Velocity Cutting}},
 publisher={Master Thesis, Chalmers University of Technology},
 address = {G\"oteborg},
 year={2006},
}

@article{hille2009microcrack,
  title={Microcrack nucleation in thermal barrier coating systems},
  author={Hille, TS and Suiker, ASJ and Turteltaub, S.},
  journal={Engineering Fracture Mechanics},
  volume={76},
  number={6},
  pages={813--825},
  year={2009},
  publisher={Elsevier}
}

@ARTICLE{hillerborg1,
    author = {A. Hillerborg and M.Mod\'{e}er and P.E. Petersson },
    title={Analysis of crack formation and crack growth in concrete by means of fracture mechanics and finite elements},
    journal={Cement and Concrete Research},
    volume={6},
    year={1976},
    pages={773-782},
}

@ARTICLE{huang1,
    author = {R. Huang and N. Sukumar and J.-H. Pr\'{e}vorst},
    title={Modeling quasi-static crack growth with the extended finite element method {Part} {II}: {Numerical} applications},
    journal={International Journal of Solids and Structures},
    volume={40},
    year={2003},
    pages={7539-7552},
}

@ARTICLE{hussain1,
    author = {M.A. Hussain and S.U Pu and J. Underwood},
    title={Strain energy release rate for a crack under combined mode {I} and mode {II}},
    journal={ASTM STP},
    volume={560},
    year={1974},
    pages={2-28},
}

@ARTICLE{hakansson1,
    author = {P. H{\aa}kansson and M. Wallin and M. Ristinmaa},
    title={Comparison of isotropic hardening and kinematic hardening in thermoplasticity},
    journal={Internatonal Journal of Plasticity},
    volume={21},
    year={2005},
    pages={1435--1460},
}

@BOOK{irwin1,
    author = {G. Irwin},
    title={Fracture dynamics},
    publisher={In: Fracturing of Metals. American Society For Metals},
    year={1948},
    pages={147-166},
}

@ARTICLE{janson1,
    author = {J. Janson and J. Hult},
    title={{Fracture mechanics and damage mechanics -A combined approach}},
    journal={Journal de Mecanique Appliquee},
    volume={1},
    year={1977},
    pages={69--84},
}

@ARTICLE{johnson1,
    author = {E. Johnson},
    title={Process region changes for rapidly propagating cracks},
    journal={International Journal of Fracture},
    volume={55},
    year={1992},
    pages={47--63},
}

@ARTICLE{johnson2,
    author = {G.R. Johnson and W.H. Cook},
    title={Fracture Characteristics of three metals subjected to various strains, strain rates, temperatures and pressures},
    journal={Engineering Fracture Mechanics},
    volume={21},
    year={1985},
    pages={31--48},
}

@ARTICLE{kachanov1,
    author = {L.M. Kachanov},
    title={On the Time to Failure under Creep Conditions (in Russian)},
    journal={Izvestiya Akademii Nauk SSSR. Otdelenie Tekhnicheskikh Tauk},
    volume={8},
    year={1958},
    pages={26--31},
}

@ARTICLE{kachanov2,
 author={L.M. Kachanov},
 title={Rupture Time Under Creep Conditions},
 journal={Int. J. Fracture},
 volume={97},
 pages={11--18},
 year={1999},
}

@ARTICLE{kalthoff1,
    author = {J.F. Kalthoff and S. Winkler},
    title={Failure mode transition at high rates of shear loading},
    journal={International Conference on Impact Loading and Dynamic Behaviour of Materials},
    volume={1},
    year={1987},
    pages={185--195},
}

@ARTICLE{karihaloo1,
    author = {B.L. Karihaloo and Q.Z. Xiao},
    title={Modelling of stationary and growing cracks in FE framework without remeshing: a state-of-the-art review},
    journal={Computers and Structures},
    volume={81},
    year={2003},
    pages={119-129},
}

@ARTICLE{kobayashi1,
    author={T. Kobayashi and J.W. Dally},
    title={RELATION BETWEEN CRACK VELOCITY AND THE STRESS INTENSITY FACTOR IN BIREFRINGENT POLYMERS},
    journal={ASTM Special Technical Publication},
    volume={627},
    year={1977},
    pages={257-273},
}

@ARTICLE{komori1,
    author={K. Komori},
    title={Ductile fracture criteria for simulating shear by node separation method},
    journal={Theoretical and Applied Fracture Mechanics},
    volume={43},
    year={2005},
    pages={101-114},
}

@ARTICLE{kostrov1,
    author={B.V. Kostrov and L.V. Nikitin},
    title={Some general problems of mechanics of brittle fracture},
    journal={Archiwum Mechaniki Stosowanej},
    volume={22},
    year={1970},
    pages={749--775},
}

@ARTICLE{kuhl1,
    author = {E. Kuhl and R. Denzer and F. J. Barth and P. Steinmann},
    title={Application of the material force method to thermo-hyperelasticity},
    journal={{Computer Methods in Applied Mechanics and Engineering (article in press)}},
    year={2004},
}

@CONFERENCE{kuhl2,
    author={E. Kuhl and H. Askes and P. Steinmann},
    title={An energy minimizing mesh optimisation strategy based on the equilibrium of discrete spatial and material forces},
    note={Proceedings of the First International Conference on Adaptive Modeling and Simulation (ADMOS)},
    year={2003},
    editor={N.-E. Wiberg and P. D\'{i}ez},
    publisher={International Center for Numerical Methods in Engineering},

}

@article{larsson2004discontinuous,
  title={A discontinuous shell-interface element for delamination analysis of laminated composite structures},
  author={Larsson, R.},
  journal={Computer methods in applied mechanics and engineering},
  volume={193},
  number={30},
  pages={3173--3194},
  year={2004},
  publisher={Elsevier}
}

@ARTICLE{larsson1,
    author = {R. Larsson and N. Jansson},
    title={Geometrically non-linear damage interface based on regularized strong discontinuity},
    journal={International Journal for Numerical Methods in Engineering},
    volume={54},
    year={2002},
    pages={473-497},
}

@ARTICLE{flarsson1,
    author={F. Larsson and K. Runesson and S. Saroukhani and R. Vafadari},
    title={{Computational homogenization based on a weak format of micro-periodicity for RVE-problems}},
    journal={Submitted to Comput. Method. Appl. M.},
}

@ARTICLE{larsson2,
    author = {R. Larsson and M. Fagerstr\"om},
    title={A framework for fracture modelling based on the material forces concept with {XFEM} kinematics},
    journal={Int. J. Numer. Meth. Eng.},
    volume={62},
    year={2005},
    pages={1763--1788},
}


@ARTICLE{larsson3,
    author = {R. Larsson and K. Runesson and N.S. Ottosen},
    title={Discontinuous Displacement Approximation for Capturing Plastic Localization},
    journal={International Journal for Numerical Methods in Engineering},
    volume={36},
    year={1993},
    pages={2087--2105},
}


@ARTICLE{larsson4,
    author = {R. Larsson and K. Runesson},
    title={Element-Embedded Localization Band based on Regularized Strong Discontinuity},
    journal={Journal of Engineering Mechanics},
    volume={122},
    year={1996},
    pages={401--411},
}

@ARTICLE{larsson5,
    author = {R. Larsson and P. Steinmann and K. Runesson},
    title={Finite element embedded localization band for finite strain plasticity based on regularized strong discontinuity},
    journal={Mechanics of Cohesive-Frictional Materials},
    volume={4},
    year={1998},
    pages={171--194},
}

@ARTICLE{larsson6,
    author = {R. Larsson and J. Mediavilla and M. Fagerstr\"om},
    title={Dynamic fracture modeling in shell structures based on {XFEM}},
    journal={International Journal for Numerical Methods in Engineering},
    volume={86},
    year={2010},
    pages={499--527},
}

@ARTICLE{lee1,
    author = {E.H. Lee},
    title={Elastic-plastic deformations at finite strains},
    journal={Journal of Applied Mechanics},
    volume={36},
    year={1969},
    pages={1-6},
}

@ARTICLE{lee2,
 author={S.-H. Lee and J.-H. Song and Y.-C. Yoon and T. Belytschko},
 title={Combined extended and superimposed finite element method for cracks},
 journal={Int. J. Numer. Meth. Eng.},
 volume={59},
 year={2004},
 pages={1119--1136},
}

@BOOK{lemaitre1,
 author={J. Lemaitre},
 title={{A Course on Damage Mechanics}},
 publisher={Springer-Verlag},
 address={Berlin},
 year={1992},
 ISBN={},
}

@ARTICLE{li1,
    author = {F.Z. Li and C.F. Shih and A. Needlemann},
    title={A comparison of methods for calculation energy release rate},
    journal={Engineering Fracture Mechanics},
    volume={21},
    year={1985},
    pages={405-421},
}

@ARTICLE{liebe1,
 author={T. Liebe and R. Denzer and P. Steinmann},
 title={Application to the material force method to isotropic continuum damage},
 journal={Computational Mechanics},
 volume={30},
 year={2003},
 pages={171-184},
}

@ARTICLE{liu1,
    author = {X.Y. Liu and Q.Z. Xiao and B.L. Karihaloo},
    title={XFEM for direct evaluation of mixed mode SIFs in homogeneous and bi-materials},
    journal={International Journal for Numerical Methods in Engineering},
    volume={59},
    year={2004},
    pages={1103-1118},
}

@ARTICLE{ljustina1,
    author = {G. Ljustina and M. Fagerstr\"om and R. Larsson},
    title = {Hypo- and hyper-inelasticity applied to modeling of compacted graphite iron machining simulations},
    journal = {European Journal of Mechanics A/Solids (Accepted 2012)},
}


@ARTICLE{loehnert1,
 author={S. L\"ohnert and T. Belytschko},
 title={A multiscale projection method for macro/microcrack simulations},
 journal={Int. J. Numer. Meth. Eng.},
 volume={71},
 year={2007},
 pages={1466-1486},
}

@ARTICLE{matous1,
 author={K. Matous and M.G. Kulkarnib and P.H. Geubelle},
 title={Multiscale cohesive failure modeling of heterogeneous adhesives},
 journal={J. Mech. Phys. Solids},
 volume={56},
 pages={1511--1533},
 year={2008},
}

@BOOK{maugin1,
 author={G.A. Maugin},
 title={Material {Inhomogenities} in {Elasticity}},
 publisher={Chapman \& Hall},
 address={London},
 year={1993},
 ISBN={0-412-49520},
 }

@ARTICLE{maugin2,
 author={G.A. Maugin},
 title={Material forces: {Concepts} and applications},
 journal={Applied Mechanics Reviews},
 volume={48},
 year={1995},
 pages={213-245},
}
@ARTICLE{melenk1,
 author={J.M. Melenk and I. Babu\v{s}ka },
 title={The partition of unity finite element method: Basic theory and applications},
 journal={Computer Methods in Applied Mechanics and Engineering},
 volume={139},
 year={1996},
 pages={289-314},
}

@ARTICLE{mediavilla1,
 author={J. Mediavilla and R.H.J. Peerlings and M.D.G Geers},
 title={A robust and consistent remeshing-transfer operator for ductile fracture simulations},
 journal={Computer and Structures},
 volume={84},
 year={2006},
 pages={604-623},
}

@ARTICLE{mediavilla2,
 author={J. Mediavilla and R.H.J. Peerlings and M.G.D. Geers},
 title={An integrated continuous-discontinuous approach towards damage engineering in sheet metal forming processes},
 journal={Eng. Fract. Mech.},
 volume={73},
 year={2006},
 pages={895--916},
}

@PHDTHESIS{mediavilla:thesis,
 author={J. Mediavilla},
 title={{Continuous and discontinuous modelling of ductile fracture}},
 school={Institute of Materials Technology, Eindhoven University of Technology},
 year={2005},
}

@ARTICLE{mergheim1,
 author={J. Mergheim and E. Kuhl and P. Steinmann},
 title={A finite element method for the computational modelling of cohesive cracks},
 journal={International Journal for Numerical Methods in Engineering},
 volume={63},
 year={2005},
 pages={276--289},
}

@article{menouillard2010smoothed,
  title={Smoothed nodal forces for improved dynamic crack propagation modeling in XFEM},
  author={Menouillard, T. and Belytschko, T.},
  journal={International Journal for Numerical Methods in Engineering},
  volume={84},
  number={1},
  pages={47--72},
  year={2010},
  publisher={Wiley Online Library}
}

@article{menouillard2006efficient,
  title={Efficient explicit time stepping for the eXtended Finite Element Method (X-FEM)},
  author={Menouillard, T. and R{\'e}thor{\'e}, J. and Combescure, A. and Bung, H.},
  journal={International Journal for Numerical Methods in Engineering},
  volume={68},
  number={9},
  pages={911--939},
  year={2006},
  publisher={Wiley Online Library}
}

@article{menouillard2008mass,
  title={Mass lumping strategies for X-FEM explicit dynamics: Application to crack propagation},
  author={Menouillard, T. and R{\'e}thor{\'e}, J. and Mo{\"e}s, N. and Combescure, A. and Bung, H.},
  journal={International Journal for Numerical Methods in Engineering},
  volume={74},
  number={3},
  pages={447--474},
  year={2008},
  publisher={Wiley Online Library}
}

@ARTICLE{menzel1,
 author={A. Menzel and R. Denzer and P. Steinmann},
 title={On the comparison of two approaches to compute material forces for inelastic materials. Application to single-slip crystal-plasticity},
 journal={Computer Methods in Applied Mechanics and Engineering},
 volume={193},
 year={2004},
 pages={5411--5428},
}

@ARTICLE{miehe1,
 author={C. Miehe and E. Stein},
 title={A canonical model of multiplicative elasto-plasticity. {Formulation} and aspects of numerical implementation},
 journal={European Journal of Mechanics, A/Solids},
 volume={11},
 year={1993},
 pages={889-896},
}

@ARTICLE{miehe2,
 author={C. Miehe and A. Koch},
 title={Compoutational micro-to-macro transitions dicretized microstructures undergoing small strains},
 journal={Arch. Appl. Mech.},
 volume={72},
 year={2002},
 pages={300--313},
}


@ARTICLE{moes1,
 author={N. Mo\"{e}s and J. Dolbow and T. Belytschko},
 title={A finite element method for crack growth without remeshing},
 journal={International Journal for Numerical Methods in Engineering},
 volume={46},
 year={1999},
 pages={131-150},
}

@article{moes2002extended,
  title={Extended finite element method for cohesive crack growth},
  author={Mo{\"e}s, N. and Belytschko, T.},
  journal={Engineering Fracture Mechanics},
  volume={69},
  number={7},
  pages={813--833},
  year={2002},
  publisher={Elsevier}
}

@ARTICLE{mostofizadeh1,
 author={S. Mostofizadeh, M. Fagerstr\"om and R. Larsson},
 title={Dynamic crack propagation in elastoplastic thinwalled structures:
Modelling and validation},
 journal={International Journal for Numerical Methods in Engineering},
 volume={??},
 year={2013},
 pages={??--??},
}

@ARTICLE{mueller1,
 author={R. Mueller and S. Kolling and D. Gross},
 title={On configurational forces in the context of the finite element method},
 journal={International Journal for Numerical Methods in Engineering},
 volume={53},
 year={2002},
 pages={1557-1574},
}

@ARTICLE{mueller2,
 author={R. Mueller and G.A. Maugin},
 title={On material forces and finite element discretizations},
 journal={Computational Mechanics},
 volume={29},
 year={2002},
 pages={52-60},
}
@ARTICLE{nakamura1,
 author={T. Nakamura and C.F. Shih and L.B. Freund},
 title={Computational methods based on an energy integral in dynamic fracture},
 journal={International Journal of Fracture},
 volume={27},
 year={1985},
 pages={229--243},
}

@ARTICLE{mahler1,
 author={L. M\"ahler and M. Ekh and K. Runesson},
 title={A class of thermo-hyperelastic-viscoplastic models for porous materials: theory and numerics},
 journal={International Journal of Plasticity},
 volume={17},
 year={2001},
 pages={943--969},
}

@ARTICLE{nitsche1,
 author={J. Nitsche},
 title={{{\"U}ber ein Variationsprinzip zur L\"osung Dirichlet-Problemen bei Verwendung von Teilr\"aumen, die keinen Randbedingungen unterworfen sind}},
 journal={Abhandlungen aus dem Mathematischen Seminar der Universit\"at Hamburg},
 volume={36},
 year={1971},
 pages={9--15},
}


@ARTICLE{nishioka1,
 author={T. Nishioka and S.N. Atluri},
 title={Path-independent integrals, energy release rates and general solutions of near-tip fields in mixed-mode dynamic fracture mechanics},
 journal={Engineering Fracture Mechanics},
 volume={18},
 year={1983},
 pages={1--22},
}
@ARTICLE{oliver1,
 author={J. Oliver and M. Cervera and O. Manzoli},
 title={Strong discontinuities and continuum plasticity models: the strong discontinuity approach},
 journal={International Journal of Plasticity},
 volume={15},
 year={1999},
 pages={319-351},
}

@ARTICLE{oliver2,
 author={J. Oliver and A.E. Huespe and M.D.G. Pulido and E. Samaniego},
 title={On the strong discontinuity approach in finite deformation settings},
 journal={International Journal for Numerical Methods in Engineering},
 volume={56},
 year={2003},
 pages={1051-1082},
}

@ARTICLE{oliver3,
 author={J. Oliver},
 title={A consistent charcteristic length for smeared cracking models},
 journal={International Journal for Numerical Methods in Engineering},
 volume={28},
 year={1989},
 pages={461-474},
}

@ARTICLE{pan1,
 author={J. Pan and M. Saje and A. Needleman},
 title={LOCALIZATION OF DEFORMATION IN RATE SENSITIVE POROUS PLASTIC SOLIDS},
 journal={International Journal of Fracture},
 volume={21},
 year={1983},
 pages={261--278},
}

@ARTICLE{pandolfi1,
 author={A. Pandolfi and P.R. Guduru and M. Ortiz and A.J. Rosakis},
 title={Three dimensional cohesive-element analysis and experiments of dynamic fracture in {C300} steel},
 journal={International Journal of Solids and Structures},
 volume={37},
 year={2000},
 pages={3733--3760},
}

@article{parisch1995continuum,
  title={A continuum-based shell theory for non-linear applications},
  author={Parisch, H.},
  journal={International Journal for Numerical Methods in Engineering},
  volume={38},
  number={11},
  pages={1855--1883},
  year={1995},
  publisher={Wiley Online Library}
}

@article{patzak1,
title = "Process zone resolution by extended finite elements",
journal = "Engineering Fracture Mechanics",
volume = "70",
pages = "957--977",
year = "2003",
author = "B. Patzak and M. Jirasek",
}

@article{patzak2,
title = "Adaptive Resolution of Localized Damage in Quasi-brittle Materials",
journal = "Journal of Engineering Mechanics",
volume = "130",
pages = "720--732",
year = "2004",
author = "B. Patzak and M. Jirasek",
}

@ARTICLE{peerlings1,
 author={R.H.J. Peerlings and J. Mediavilla and R.A.B. Engelen and M.G.D Geers},
 title={Towards a micromechanics-based modelling of damage development during the formation of food can lids},
 journal={Eng. Fract. Mech.},
 volume={75},
 year={2007},
 pages={3297--3305},
}

@ARTICLE{perzyna1,
 author={P. Perzyna},
 title={Fundamental problems in viscoplasticity},
 journal={Advances in Applied Mechanics},
 volume={9},
 year={1966},
 pages={243--377},
}

@article{rabczuk2008new,
  title={A new crack tip element for the phantom-node method with arbitrary cohesive cracks},
  author={Rabczuk, T. and Zi, G. and Gerstenberger, A. and Wall, W.A.},
  journal={International journal for numerical methods in engineering},
  volume={75},
  number={5},
  pages={577--599},
  year={2008},
  publisher={Wiley Online Library}
}

@ARTICLE{ravichandar1,
 author={K. Ravi-Chandar and W. G. Knauss},
 title={{An experimental investigation into dynamic fracture: I. Crack initiation and arrest}},
 journal={International Journal of Fracture},
 volume={25},
 year={1984},
 pages={247--262},
}
@ARTICLE{ravichandar2,
 author={K. Ravi-Chandar and W. G. Knauss},
 title={{An experimental investigation into dynamic fracture: II. Microstructural aspects}},
 journal={International Journal of Fracture},
 volume={26},
 year={1984},
 pages={65--80},
}
@ARTICLE{ravichandar3,
 author={K. Ravi-Chandar and W. G. Knauss},
 title={{An experimental investigation into dynamic fracture. III. On steady-state crack propagation and crack branching}},
 journal={International Journal of Fracture},
 volume={26},
 year={1984},
 pages={141--154},
}



@ARTICLE{ravichandar4,
 author={K. Ravi-Chandar and W. G. Knauss},
 title={{An experimental investigation into dynamic fracture: IV. On the interaction of stress waves with propagating cracks}},
 journal={International Journal of Fracture},
 volume={26},
 year={1984},
 pages={189--200},
}

@ARTICLE{ravichandar5,
 author={K. Ravi-Chandar and W. G. Knauss},
 title={On the characterization of the transient stress field near the tip of a crack},
 journal={Journal of Applied Mechanics},
 volume={54},
 year={1987},
 pages={72--78},
}

@ARTICLE{remmers1,
    author = {J. J. C. Remmers and R. de Borst and A. Needleman},
    title={A cohesive segments method for the simulation of crack growth},
    journal={Computational Mechanics},
    volume={31},
    year={2003},
    pages={69--77},
}

@PHDTHESIS{remmers:thesis,
 author={J. Remmers},
 title={{Discontinuities in Materials and Structures}},
 school={Delft University of Technology},
 year={2006},
}


@ARTICLE{rice1,
    author = {J. R. Rice},
    title={A path independent integral and the approximate analysis of strain concentrations by notches and cracks},
    journal={Journal of Applied Mechanics},
    volume={35},
    year={1968},
    pages={379-386},
}

@ARTICLE{rice2,
    author = {J. R. Rice and D.M. Tracey},
    title={On the ductile enlargement of voids in triaxial stress fields},
    journal={Journal of the Mechanics and Physics of Solids},
    volume={17},
    year={1969},
    pages={201--217},
}


@ARTICLE{rosakis1,
    author = {A.J. Rosakis and J. Duffy and L.B. Freund},
    title={The determination of dynamic fracture toughness of AISI 4340 steel by the shadow spot method},
    journal={Journal of the Mechanics and Physics of Solids},
    volume={32},
    year={1984},
    pages={443--460},
}

@ARTICLE{ruter1,
    author = {M. R\"{u}ter and E. Stein},
    title={Adaptive finite element analysis of crack propagation in elastic fracture mechanics based on averaging techniques},
    journal={Computational Materials Science},
    volume={31},
    year={2004},
    pages={247-257},
}

@BOOK{ryttberg1,
 author={K. Ryttberg},
 title={{Fracture behaviour and related microstructures of tool steels parted-off at high rates of strain}},
 publisher={Licentiate Thesis, Chalmers University of Technology},
 address = {G\"oteborg},
 year={2007},
}
@ARTICLE{ryttberg1,
 author={K. Ryttberg and M. Knutson Wedel and P. Dahlman and L. Nyborg},
 title={{Microstructural evolution during fracture induced by high strain rate deformation of 100Cr6 steel}},
 journal={J. Mater. Process Tech.},
 volume={209},
 year={2009},
 pages={3325--3334},
}


@CONFERENCE{salomonsson1,
    author={K. Salomonsson and T. Andersson},
    title={Simulation of crack initiation and propagation in an adhesive layer using a meso-mechanical model},
    note={27th Ris{\o} International Symposium on Materials Science, Polymer Composite Materials for Wind Power Turbines},
    year={2006},
    editor={H. Lilholt and B. Madsen and T.L. Andersen and L.P. Mikkelsen and A. Thygesen},
    publisher={Ris{\o} National Laboratory, Roskilde, Denmark},
}

@ARTICLE{seabra1,
    author = {M.R.R. Seabra and J.M.A.C de Sa and F.X.C. Andrade and F.F.M.A Pires},
    title={Continuous-discontinouos formulation of ductile fracture},
    journal={International Journal of Material Forming},
    volume={4},
    year={2011},
    pages={271--281},
}


@ARTICLE{sharon1,
    author = {E. Sharon and J. Fineberg},
    title={Confirming the continuum theory of dynamic brittle fracture for fast cracks},
    journal={Nature},
    volume={397},
    year={1999},
    pages={333-335},
}

@ARTICLE{sharon2,
    author = {E. Sharon and J. Fineberg},
    title={The Dynamics of Fast Fracture},
    journal={Advanced Engineering Materials},
    volume={1},
    year={1999},
    pages={119-122},
}

@ARTICLE{sharon3,
    author = {E. Sharon and J. Fineberg},
    title={Crack Front Waves and the Dynamics of a Rapidly Moving Crack},
    journal={Physical Review Letters},
    volume={88},
    year={2002},
}

@ARTICLE{shih1,
    author = {C.F. Shih and B. Moran and T. Nakamura},
    title={Energy release rate along a three-dimensional crack front in a thermally stressed body},
    journal={International Journal of Fracture},
    volume={30},
    year={1986},
    pages={79-102},
}

@ARTICLE{shukla1,
    author = {A. Shukla and R.K. Agarwal and H. Nigam},
    title={Dynamic fracture studies of {7075-T6} aluminum and 4340 steel using strain gages and photoelastic coatings},
    journal={Engineering Fracture Mechanics},
    volume={31},
    year={1988},
    pages={501--515},
}

@ARTICLE{sih1,
    author = {G.C. Sih},
    title={Strain energy-density factor applied to mixed-mode crack problems},
    journal={International Journal of Fracture},
    volume={10},
    year={1974},
    pages={305-321},
}

@ARTICLE{simha1,
    author = {N.K. Simha and F.D. Fischer and O. Kolednik and C.R. Chen},
    title={Inhomogeneity effects on the crack driving force in elastic and elastic-plastic materials},
    journal={Journal of the Mechanics and Physics of Solids},
    volume={51},
    year={2003},
    pages={209-240},
}

@ARTICLE{simo1,
    author = {J.C. Simo and M. Ortiz},
    title={A unified approach to finite deformation elastoplastic analysis based
     on the use of hyperelastic constitutive equations},
    journal={Computer Methods in Applied Mechanics and Engineering},
    volume={49},
    year={1985},
    pages={221-245},
}

@ARTICLE{simo2,
    author = {J.C. Simo and J. Oliver and F. Armero},
    title={An analysis of strong discontinuities induced by strain-softening in rate-independent solids},
    journal={Computational Mechanics},
    volume={12},
    year={1993},
    pages={277-296},
}

@ARTICLE{simo3,
    author = {J.C. Simo and M.S. Rifai},
    title={A Class of Mixed Assumed Strain Methods and the Method of Incompatible Modes},
    journal={International Journal for Numerical Methods in Engineering},
    volume={29},
    year={1990},
    pages={1595-1638},
}

@article{simone1,
title = "From continuous to discontinuous failure in a gradient-enhanced continuum damage model",
journal = "Computer Methods in Applied Mechanics and Engineering",
volume = "192",
pages = "4581 - 4607",
year = "2003",
author = "A. Simone and G.N. Wells and L.J. Sluys",
}

@PHDTHESIS{simone:thesis,
 author={A. Simone},
 title={{Continuous-Discontinuous Modelling of Failure}},
 school={Delft University of Technology},
 year={2003},
}

@article{song2006method,
  title={A method for dynamic crack and shear band propagation with phantom nodes},
  author={Song, J.H. and Areias, P. and Belytschko, T.},
  journal={International Journal for Numerical Methods in Engineering},
  volume={67},
  number={6},
  pages={868--893},
  year={2006},
  publisher={Wiley Online Library}
}

@ARTICLE{sorensen1,
 author={B.F. S{\o}rensen and T.K. Jacobsen},
 title={Determination of cohesive laws by the {J} integral approach},
 journal={Engineering Fracture Mechanics},
 volume={70},
 year={2003},
 pages={1841-1858},
}
@ARTICLE{souza1,
 author={F.V. Souza and D.H. Allen and Y.-R. Kim},
 title={Multiscale model for predicting damage evolution in composites due to impact loading},
 journal={Compos. Sci. Technol.},
 volume={68},
 year={2008},
 pages={2624--2634},
}


@ARTICLE{steinmann1,
 author={P. Steinmann},
 title={Application of material forces to hyperelastostatic fracture mechanics. {I}. {Continuum} mechanical setting},
 journal={International Journal of Solids and Structures},
 volume={37},
 year={2000},
 pages={7371-7391},
}

@ARTICLE{steinmann2,
 author={P. Steinmann and D. Ackermann and F.J. Barth},
 title={Application of material forces to hyperelastostatic fracture mechanics. {II}. {Computational} setting},
 journal={International Journal of Solids and Structures},
 volume={38},
 year={2001},
 pages={5509-5526},
}

@ARTICLE{steinmann3,
 author={P. Steinmann and R. Larsson and K. Runesson},
 title={On the localization properties of multiplicative hyperalstoplastic continua with stromg discontinuities},
 journal={International Journal of Solids and Structures},
 volume={34},
 year={1997},
 pages={969--990},
}

@ARTICLE{strouboulis1,
 author={T. Strouboulis and I. Babu\v{s}ka and K. Copps},
 title={The design and analysis of the {Generalized Finite Element Method}},
 journal={Computer Methods in Applied Mechanics and Engineering},
 volume={181},
 year={2000},
 pages={43-69},
}

@ARTICLE{stumpf1,
    author = {H. Stumpf and J. Saczuk},
    title={On a general concept for the analysis of crack growth and material damage},
    journal={International Journal of Plasticity},
    volume={17},
    year={2001},
    pages={991-1028},
}

@ARTICLE{sukumar1,
    author = {N. Sukumar and J.-H. Pr\'{e}vost},
    title={Modeling quasi-static crack growth with the extended finite element method {Part I: Computer implementation}},
    journal={International Journal of Solids and Structures},
    volume={40},
    year={2003},
    pages={7513-7537},
}

@ARTICLE{sukumar2,
    author = {N. Sukumar and N. Mo\"{e}s and B. Moran an T. Belytschko},
    title={Extended finite element method for three-dimensional crack modelling},
    journal={International Journal for Numerical Methods in Engineering},
    volume={48},
    year={2000},
    pages={1549-1570},
}
@PHDTHESIS{svahn:thesis,
 author={P.-O. Svahn},
 title={Dynamic Behaviour of Reinforced Concrete Structures: Analyses with a Strong Discontinuity Approach},
 school={Chalmers University of Technology,
         Department of Civil and Environmental Engineering},
 year={2005},
}


@ARTICLE{svahn1,
    author = {P.-O. Svahn and T. Ekevid and K. Runesson},
    title={{Discrete crack modelling in a new X-FEM format with emphasis on dynamic response}},
    journal={International Journal for Numerical and Analytical Methods in Geomechanics},
    volume={31},
    year={2007},
    pages={261--283},
}

@ARTICLE{swenson1,
    author = {D.V. Swenson and A.R. Ingrafea},
    title={{Modeling mixed-mode dynamic crack propagation using finite elements: Theory and applications}},
    journal={Computational Mechanics},
    volume={3},
    year={1988},
    pages={381--397},
}

@article{tabiei2000nonlinear,
  title={A nonlinear higher order shear deformation shell element for dynamic explicit analysis: Part II. Performance validation through standard tests},
  author={Tabiei, A. and Tanov, R.},
  journal={Finite elements in analysis and design},
  volume={36},
  number={1},
  pages={39--50},
  year={2000},
  publisher={Elsevier}
}

@BOOK{tada1,
 author={H. Tada and P.C. Paris and G.C. Irwin},
 title={The stress analysis of cracks handbook},
 publisher={Paris Production Inc},
 address={St Louis, Miss},
 year={1985},
}

@ARTICLE{teng1,
 author={X. Teng and T. Wierzbicki},
 title={Evaluation of six fracture models in high velocity perforation },
 journal={Engineering Fracture Mechanics},
 volume={73},
 year={2006},
 pages={1653-1678},
}

@ARTICLE{teng2,
 author={X. Teng and T. Wierzbicki and H. Couque},
 title={On the transition from adiabatic shear banding to fracture},
 journal={Mechanics of Materials},
 volume={39},
 year={2007},
 pages={107-125},
}

@ARTICLE{tijssens1,
 author={M.G.A. Tijssens and L.J. Sluys and E. van der Giessen},
 title={Numerical simulation of quasi-brittle fracture using damaging cohesive surfaces},
 journal={European Journal of Mechanics - A/Solids},
 volume={19},
 year={2000},
 pages={761-779},
}

@ARTICLE{toribio1,
author={J. Toribio},
 title={A fracture criterion for high-strength steel notched bars},
 journal={Engineering Fracture Mechanics},
 volume={57},
 year={1997},
 pages={391-404},
}

@ARTICLE{tvergaard1,
author={V. Tvergaard and A. Needleman },
 title={Analysis of cup-cone fracture in a round tensile bar},
 journal={Acta Metallurgica},
 volume={32},
 year={1984},
 pages={157-169},
}

@ARTICLE{tvergaard2,
author={V. Tvergaard and J.W. Hutchinson},
 title={The relation between crack growth resistance and fracture process parameters in elastic-plastic solids},
 journal={Journal of the Mechanics and Physics of Solids},
 volume={40},
 year={1992},
 pages={1337--1397},
}

@ARTICLE{umbrello1,
 author={D. Umbrello},
 title={{Finite element simulation of conventional and high speed machining of Ti6Al4V alloy}},
 journal={J. Mater. Process Tech.},
 volume={196},
 year={2008},
 pages={79--87},
}

@PHDTHESIS{deVaris2:thesis,
 author={T.J. de Varis},
 title={{Blunt and sharp notch behaviour of Glare laminates}},
 school={Delft University of Technology},
 year={2001},
}

@ARTICLE{wells1,
 author={G.N. Wells and L.J. Sluys},
 title={A new method for modelling cohesive cracks using finite elements},
 journal={International Journal for Numerical Methods in Engineering},
 volume={50},
 year={2001},
 pages={2667-2682},
}

@ARTICLE{wells2,
 author={G.N. Wells and R. de Borst and L.J. Sluys},
 title={A consistent geometrically non-linear approach for delamination},
 journal={International Journal for Numerical Methods in Engineering},
 volume={54},
 year={2002},
 pages={1333-1355},
}

@ARTICLE{wells3,
 author={G.N. Wells and L.J. Sluys},
 title={Three-dimensional embedded discontinuity model for brittle fracture},
 journal={International Journal of Solids and Structures},
 volume={38},
 year={2001},
 pages={897-913},
}

@ARTICLE{wells4,
 author={G.N. Wells and L.J. Sluys and R. de Borst},
 title={Simulating the propagation of displacement discontinuities in a regularized strain-softening medium},
 journal={International Journal for Numerical Methods in Engineering},
 volume={53},
 year={2002},
 pages={1235-1256},
}

@PHDTHESIS{wells:thesis,
 author={G.N. Wells},
 title={Discontinuous modelling of strain localisation and failure},
 school={Delft University of Technology,
         Faculty of Aerospace Engineering},
 year={2001},
}

@ARTICLE{wriggers1,
 author={P. Wriggers and S.O. Moftah},
 title={Mesoscale models for concrete: Homogenisation and damage behaviour},
 journal={Finite Elem. Anal. Des.},
 volume={42},
 year={2006},
 pages={623--636},
}


@ARTICLE{xiao1,
 author={Q.Z. Xiao and B.L. Karihaloo},
 title={Direct evaluation of accurate coefficients of the linear elastic crack tip asymptotic field},
 journal={Fatigue and Fracture of Engineering Material and Structures},
 volume={26},
 year={2003},
 pages={719-729},
}

@ARTICLE{xu1,
 author={X.P. Xu and A. Needleman},
 title={Numerical simulations of fast crack growth in brittle solids},
 journal={Journal of the Mechanics and Physics of Solids},
 volume={42},
 year={1994},
 pages={1397--1434},
}

@ARTICLE{xu2,
 author={C. Xu and T. Siegmund and K. Ramani},
 title={Rate-dependent crack growth in adhesives {II. Experiments and analysis}},
 journal={International Journal of Adhesion and Adhesives},
 volume={23},
 year={2003},
 pages={15-22},
}

@ARTICLE{zehnder1,
 author={A.T. Zehnder and A.J. Rosakis},
 title={Dynamic fracture initiation and propagation in 4340 steel under impact loading},
 journal={International Journal of Fracture},
 volume={43},
 year={1990},
 pages={271--285},
}

@ARTICLE{zhang1,
 author={X. Zhang and Y.-W. Mai and R.G. Jeffrey},
 title={A cohesive plastic and damage zone model for dynamic crack growth in rate-dependent materials},
 journal={International Journal of Solids and Structures},
 volume={40},
 year={2003},
 pages={5819--5837},
}


@ARTICLE{zi1,
 author={G. Zi and T. Belytschko},
 title={New crack-tip elements for {XFEM} and applications to cohesive cracks},
 journal={International Journal for Numerical Methods in Engineering},
 volume={57},
 year={2003},
 pages={2221-2240},
}

@ARTICLE{zhou1,
 author={F. Zhou and J.-F. Molinari and T. Shioya},
 title={A rate-dependent cohesive model for simulating dynamic crack propagation in brittle materials},
 journal={Engineering Fracture Mechanics},
 volume={72},
 year={2005},
 pages={1383--1410},
}
