
@online {OOFEM,
  author={Borek Patzák},
  title={{OOFEM} project home page},
  url={http://www.oofem.org},
  year={2000},
}

@article {sintering,
  author={Mikael Öhman and Kenneth Runesson and Fredrik Larsson},
  title={Computational Mesoscale Modeling of Sintering of Particle Agglomerates with Homogenization},
  journal={To be published},
}

